2970 4740
729 215 747 272 6

637 301 839 312 --ψ--,η

170 417 218 480 als
245 416 317 480 lem.
346 414 537 498 gebraucht:
566 416 659 481 arida
681 418 776 483 modo
799 416 926 501 pumice
951 417 1145 500 expolitum,
1176 440 1229 482 nm
1253 418 1305 484 die

171 528 326 611 Haufung
350 529 406 593 des
430 551 448 593 o
472 552 511 594 zu
533 530 798 617 vermeiden.“¹²)

274 666 431 745 Licentia,
456 690 519 751 qua
536 667 682 733 Catullus
695 641 764 734 'hoc
781 670 875 734 modo
891 671 1004 746 utitur,
1029 674 1078 733 est
1095 691 1171 733 sane
1188 689 1307 750 magna

170 785 270 862 atque
293 779 458 858 inusitata,
482 780 538 844 sed
560 802 613 846 res
635 782 715 846 nihil
738 782 838 847 habet
861 781 1058 859 offensionis,
1083 803 1157 846 uam
1180 786 1306 864 poetae,

171 893 265 957 utin
289 891 485 956 carminibus
509 895 575 956 suis
598 915 696 958 unam
721 893 883 976 quandam
907 894 1040 976 spiritus
1064 915 1101 957 ac
1118 894 1188 957 soni
1204 894 1308 959 inten-

170 1005 301 1084 tionem,
333 1026 429 1087 quam
453 1004 570 1069 Graeci
592 1004 779 1086 pomata
800 1012 934 1084 vocant,
969 1006 1111 1085 evitent,
1144 1004 1307 1069 interdum

173 1117 270 1180 etiam
300 1117 404 1180 maius
435 1119 484 1182 ius
515 1117 576 1182 sibi
609 1124 749 1193 sumunt.
796 1119 942 1183 Catullus
974 1118 1103 1201 quidem
1127 1117 1308 1200 complures

172 1227 253 1292 alios
276 1228 374 1294 habet
396 1231 493 1309 locos,
517 1229 634 1314 quibus
657 1230 788 1295 eaedem
805 1231 931 1294 vocales
947 1231 980 1294 in
997 1229 1225 1294 vocabulorum
1241 1229 1305 1293 fine

173 1341 299 1422 positae
321 1341 483 1406 iterantur
506 1342 560 1428 (cf.
585 1364 682 1407 carm.
708 1348 736 1422 2,
764 1349 795 1421 13
820 1347 849 1422 3,
866 1348 932 1406 tet
944 1343 1045 1428 alia),
1066 1346 1210 1406 attamen
1226 1341 1309 1406 tales

173 1474 284 1516 versus
308 1453 429 1518 habent
451 1456 606 1538 maiorem
630 1460 830 1533 concentum,
856 1476 952 1537 quam
976 1455 1003 1519 si
1027 1461 1093 1519 tres
1110 1475 1203 1518 voces
1219 1453 1308 1518 dein·

173 1587 247 1650 ceps
274 1565 308 1630 in
327 1566 455 1632 literam
478 1573 531 1647 „o“
551 1569 616 1633 iam
638 1589 697 1652 per
714 1589 747 1632 se
764 1566 925 1632 dumorem
948 1567 1118 1644 finiuntur3
1143 1586 1246 1648 neque
1270 1586 1310 1629 ex

174 1679 332 1744 eiusmodi
366 1679 528 1761 versibus,
563 1686 600 1744 ut
629 1681 776 1745 Catullus
807 1700 935 1762 quoque
966 1680 986 1742 l.
1019 1680 1038 1743 l.
1075 1679 1183 1759 „arido
1213 1676 1310 1742 modo

173 1794 318 1876 pumice‘⁴
346 1791 486 1858 scribere
509 1792 666 1871 debuerit,
691 1793 847 1875 sequitur.

279 1935 306 1994 3.
331 1931 438 1996 Carm.
462 1936 513 2011 27,
538 1936 636 1995 3-4:

379 2109 422 2118 -
450 2069 512 2149 „Ut
534 2071 587 2135 lex
610 2070 794 2135 Postumiae
817 2068 907 2133 iubet
929 2069 1105 2150 magistrae

469 2182 607 2247 Ebriosa
630 2183 724 2246 acina
748 2181 961 2247 ebriosioris.“

279 2321 405 2404 Lingua
432 2321 550 2386 Latina
577 2327 722 2386 nostrum
753 2319 944 2384 vocabulum
977 2314 1201 2398 ,Weinbeere“
1230 2317 1312 2382 solet

176 2433 355 2516 exprimere
388 2438 446 2496 aut
479 2453 594 2515 genere
626 2433 804 2496 masculino
841 2432 992 2511 „acinns,
1026 2432 1072 2509 i“,
1105 2436 1162 2495 aut
1196 2450 1311 2513 genere

177 2550 291 2610 neutro
319 2545 474 2624 „acinum
497 2544 539 2608 i“.
572 2545 691 2609 Forma
714 2549 821 2608 autem
850 2545 971 2623 „acina
995 2536 1070 2621 ae“,⁵
1088 2563 1186 2625 quam
1203 2542 1313 2606 Catul-

176 2657 226 2722 lus
249 2657 270 2721 l.
293 2657 314 2721 l.
338 2677 454 2738 genere
477 2655 630 2721 feminino
653 2655 797 2738 praebet,
821 2654 909 2745 apud
929 2676 1001 2718 eum
1025 2654 1128 2718 solum
1150 2655 1311 2737 reperitur

178 2774 276 2853 atque
295 2770 392 2833 etiam
417 2769 521 2832 minus
545 2789 640 2852 quam
665 2790 764 2851 genus
787 2768 975 2831 femininum
998 2768 1137 2831 nominis
1157 2771 1308 2849 ,pumex“

178 2903 275 2946 carm.
314 2887 345 2960 1,
378 2885 395 2944 2
427 2880 581 2964 exemplis
612 2902 651 2944 ex
679 2881 751 2945 aliis
780 2878 992 2962 scriptoribus
1021 2879 1175 2944 Romanis
1202 2877 1313 2960 petitis

179 2991 382 3077 comprobari
394 2998 513 3075 potest.
525 2993 563 3056 ln
579 2993 800 3076 disputatione
813 2991 853 3055 de
870 3013 985 3073 genere
997 2991 1135 3055 nominis
1153 2994 1309 3072 „pumex“

179 3126 276 3170 earm.
303 3109 330 3184 1,
355 3109 373 3167 2
397 3103 491 3168 nobis
514 3108 629 3168 auctor
653 3109 723 3168 erat
748 3103 887 3182 Servius,
911 3104 1045 3185 quinos
1068 3103 1101 3165 iu
1125 3100 1313 3185 quaestione

178 3219 347 3302 proposita
374 3216 522 3281 erudivit.
568 3218 638 3282 Hoc
669 3216 739 3281 loeo
768 3215 909 3280 Gellium
941 3222 1106 3279 auctorem
1139 3215 1312 3296 sequimur,

179 3353 219 3395 ex
250 3351 314 3412 quo
338 3328 502 3394 Catullum
534 3349 646 3393 revera
675 3329 804 3394 nomine
831 3329 961 3407 „aoina“
987 3347 1081 3391 usum
1105 3347 1175 3391 esse
1198 3346 1315 3408 genere

181 3442 335 3508 feminino
359 3442 510 3526 colligere
533 3441 618 3506 licet.
666 3441 753 3506 Haeo
777 3441 862 3505 enim
886 3445 961 3504 sunt
984 3439 1052 3503 eius
1075 3437 1189 3504 verba:

287 3581 454 3661 „Catullus
493 3602 622 3664 quoquo
656 3579 915 3664 elegantissimus
953 3584 1122 3661 poetarum
1156 3577 1190 3641 in
1227 3575 1315 3640 hisce

180 3692 343 3759 uersibus:

183 3896 385 3906 ——-.—-

290 4041 321 4106 ¹²)
336 4038 436 4105 Reisig.
443 4037 631 4104 Vorlesungeu
645 4008 712 4089 uber
723 4036 769 4089 lat.
779 4033 1083 4103 Sprachwissensehast;
1096 4032 1317 4103 heransgegeben

181 4150 233 4189 von
252 4134 299 4189 Dr.
318 4133 350 4186 F.
368 4133 464 4188 Haase.
483 4132 603 4201 Leipzig.
626 4129 697 4184 1839.
718 4147 782 4200 pag.
804 4130 859 4183 146.
878 4128 904 4200 ξ.
923 4130 964 4195 99,
984 4130 1008 4183 1.
