2970 4740
631 1197 785 1310 (laput
814 1197 851 1282 Ι.

455 1443 525 1495 De
543 1455 717 1508 genere
736 1441 1033 1495 substantivi·

282 1648 307 1705 l.
333 1641 535 1723 Quamquam
548 1640 696 1705 Catullus
713 1640 801 1704 haud
816 1641 863 1704 itu
880 1639 992 1704 crebro
1006 1639 1186 1720 mirumque
1200 1641 1231 1704 iu
1244 1662 1311 1705 mo-

175 1755 251 1818 dum
262 1754 296 1817 in
312 1775 370 1817 usu
388 1752 581 1821 substantivi
600 1754 727 1834 generis
739 1751 908 1816 discedite
925 1753 1086 1816 communi
1099 1773 1187 1816 ruore
1200 1751 1311 1817 verbo·

174 1887 256 1943 rum,
280 1872 389 1929 tamen
405 1864 505 1928 nihilo
525 1865 631 1927 miuus
644 1864 790 1927 nonnulli
803 1865 866 1928 loci
885 1870 961 1928 sunt
981 1865 1061 1928 setis
1083 1884 1198 1946 gra-ves
1212 1869 1311 1945 atque

175 1981 356 2040 memoratu
380 1974 487 2057 digni,
512 1977 567 2057 qui
590 1977 623 2039 in
646 1975 874 2040 disserta-tione
897 1975 936 2042 de
959 1982 1076 2059 poetae
1100 1977 1311 2057 grammatico

176 2087 304 2152 dicendi
326 2109 444 2170 genere
466 2089 692 2170 respiciantur.
732 2088 879 2170 Quinque
896 2088 1026 2153 omnino
1043 2087 1107 2152 loci
1130 2087 1217 2171 apud
1240 2109 1312 2152 euin

174 2199 397 2282 reperiuntur,
428 2199 545 2282 quibus
574 2221 633 2282 pro
662 2200 783 2264 usitato
812 2221 929 2282 genere
957 2201 1149 2264 inusitatum
1173 2201 1312 2283 scripsit,

176 2333 215 2375 ao
237 2311 367 2394 quidem
391 2311 454 2376 duo
477 2311 624 2394 exempla
645 2312 798 2393 leguntur
820 2312 908 2395 apud
931 2312 1095 2377 Catullum
1118 2312 1237 2391 solum3
1261 2332 1312 2374 re·

176 2423 267 2507 lique
293 2424 358 2488 tria
386 2424 485 2488 etiam
512 2423 554 2488 ab
583 2424 656 2496 aliis
690 2424 902 2507 scriptoribus
932 2425 1086 2489 Romanis
1118 2444 1313 2507 quemquam

177 2536 211 2598 in
236 2536 419 2600 universum
442 2557 517 2600 raro
540 2540 698 2618 usurpata
722 2537 927 2618 comprobari
941 2543 1086 2619 possunt.
1111 2536 1187 2611 Loci
1204 2541 1313 2604 autem

177 2668 259 2729 quos
282 2646 354 2712 dico
378 2653 454 2716 sunt
475 2646 539 2711 duo
562 2649 657 2730 primi
673 2669 770 2712 curm.
798 2651 826 2726 1,
851 2653 919 2712 2et
935 2650 986 2727 27,
1010 2653 1109 2726 3-43
1133 2653 1201 2710 tres
1218 2648 1314 2712 alteri

178 2780 276 2823 carm.
301 2763 352 2838 42,
376 2763 475 2835 4-53
500 2760 578 2829 68¹³,
604 2764 644 2822 90
669 2767 700 2822 et
728 2765 797 2838 101,
824 2759 1134 2842 4;deniqueca1nr.
1157 2764 1186 2839 4,
1214 2763 1311 2824 1—2:

182 2875 240 2949 10;
267 2875 402 2935 14-15.

284 2985 313 3047 2.
360 2983 467 3048 Germ.
494 2988 521 3059 1,
546 2989 579 3046 2:

357 3133 399 3141 -·
426 3095 546 3174 „Arida
568 3095 664 3160 modo
686 3095 813 3177 pumice
839 3095 1054 3179 expolitum?“
1081 3135 1123 3170 —‚

284 3206 405 3270 Contra
429 3227 628 3270 communem
652 3207 804 3290 loquendi
828 3229 931 3288 usum,
954 3229 994 3272 cx
1017 3229 1081 3292 quo
1104 3227 1220 3272 nomen
1243 3207 1316 3270 sub-

180 3319 356 3382 stantivum
394 3324 545 3401 „pumex“
581 3324 631 3382 est
663 3319 789 3400 generis
821 3320 1006 3396 masculini,
1042 3319 1205 3384 Catullum
1241 3319 1262 3383 l.
1294 3318 1315 3381 l.

174 3428 334 3494 feminino
356 3449 473 3511 genere
496 3450 588 3494 usum
612 3451 681 3494 esse
714 3432 892 3513 reperimus
923 3430 1035 3512 ,aride
1063 3432 1190 3514 pumice
1198 3436 1223 3510 ,“
1258 3451 1316 3512 pro

180 3539 298 3623 quibus
320 3540 427 3605 verbis
448 3540 505 3605 alii
527 3547 643 3624 poetae
673 3541 813 3606 editores
848 3549 977 3608 servato
998 3563 1116 3626 genere
1138 3543 1316 3607 masculino
1405 3523 1409 3533 ¹

184 3651 294 3732 „arido
324 3652 468 3735 pumice“
501 3652 630 3734 legunt,
663 3653 749 3736 quod
784 3654 914 3736 quidem
940 3655 1062 3721 habent
1092 3676 1202 3720 omnes
1231 3653 1316 3734 libri,

172 3745 379 3847 >quapropter
408 3765 507 3829 etium
529 3764 756 3830 Lachmannus
785 3765 833 3829 ita
856 3767 995 3849 scripsit.
1043 3767 1195 3844 Quaestio
1218 3768 1318 3848 igitur

181 3874 336 3940 hocloco
360 3877 479 3955 existit,
503 3876 583 3958 quid
599 3876 748 3942 Catullus
765 3877 941 3960 scripserit,
965 3884 1072 3942 utrum
1090 3880 1219 3942 nomine
1243 3877 1318 3942 sub-

182 3988 323 4052 stantivo
356 3994 509 4071 ,pumex“
540 4009 656 4070 genere
687 3987 841 4055 feminino
874 4011 916 4054 an
944 3990 1124 4056 masculino
1155 3991 1198 4053 sit
1231 4011 1318 4056 usus

182 4099 253 4177 Qua
275 4101 310 4164 in
334 4101 525 4182 quaestione
548 4100 763 4183 persolvenda
785 4107 823 4165 ut
845 4102 887 4166 ad
916 4109 1039 4167 certum
1067 4103 1186 4167 exitum
1210 4124 1319 4186 perve-

182 4215 319 4292 niamus,
341 4233 363 4276 e
384 4211 463 4288 loco,
479 4212 612 4277 maximi
635 4219 766 4278 nostrae
790 4215 836 4279 rei
860 4215 1014 4283 momenti
1042 4213 1201 4300 proficisci
1225 4213 1318 4277 debe·

1160 4325 1173 4380 l
