<?xml version="1.0" encoding="UTF-8"?>
<!DOCTYPE html PUBLIC "-//W3C//DTD XHTML 1.0 Transitional//EN"
    "http://www.w3.org/TR/xhtml1/DTD/xhtml1-transitional.dtd">
<html xmlns="http://www.w3.org/1999/xhtml" xml:lang="en" lang="en">
 <head>
  <title>
</title>
<meta http-equiv="Content-Type" content="text/html;charset=utf-8" />
  <meta name='ocr-system' content='tesseract 3.04.00' />
  <meta name='ocr-capabilities' content='ocr_page ocr_carea ocr_par ocr_line ocrx_word'/>
</head>
<body>
  <div class='ocr_page' id='page_1' title='image "./degeneredicendi00hupegoog_0052.png"; bbox 0 0 2970 4740; ppageno 0'>
   <div class='ocr_carea' id='block_1_1' title="bbox 724 235 764 296">
    <p class='ocr_par' dir='ltr' id='par_1_1' title="bbox 724 235 764 296">
     <span class='ocr_line' id='line_1_1' title="bbox 724 235 764 296; baseline -0.025 0"><span class='ocrx_word' id='word_1_1' title='bbox 724 235 764 296; x_wconf 83' lang='lat'>33</span> 
     </span>
    </p>
   </div>
   <div class='ocr_carea' id='block_1_2' title="bbox 640 322 846 330">
    <p class='ocr_par' dir='ltr' id='par_1_2' title="bbox 640 322 846 330">
     <span class='ocr_line' id='line_1_2' title="bbox 640 322 846 330; baseline -0.015 0"><span class='ocrx_word' id='word_1_2' title='bbox 640 322 846 330; x_wconf 75' lang='lat'><em>-—-—---—-</em></span> 
     </span>
    </p>
   </div>
   <div class='ocr_carea' id='block_1_3' title="bbox 178 435 1405 747">
    <p class='ocr_par' dir='ltr' id='par_1_3' title="bbox 178 435 1405 747">
     <span class='ocr_line' id='line_1_3' title="bbox 282 435 1311 520; baseline -0.003 -13"><span class='ocrx_word' id='word_1_3' title='bbox 282 442 316 507; x_wconf 89' lang='lat' dir='ltr'>Si</span> <span class='ocrx_word' id='word_1_4' title='bbox 340 441 487 507; x_wconf 79' lang='lat' dir='ltr'>Catullus</span> <span class='ocrx_word' id='word_1_5' title='bbox 516 445 554 505; x_wconf 93' lang='lat' dir='ltr'>ut</span> <span class='ocrx_word' id='word_1_6' title='bbox 584 459 683 507; x_wconf 82' lang='lat' dir='ltr'>carm.</span> <span class='ocrx_word' id='word_1_7' title='bbox 707 442 741 520; x_wconf 88' lang='grc'>3,</span> <span class='ocrx_word' id='word_1_8' title='bbox 776 442 814 502; x_wconf 89' lang='grc'>18</span> <span class='ocrx_word' id='word_1_9' title='bbox 848 435 1022 520; x_wconf 79' lang='lat' dir='ltr'>„turgiduli</span> <span class='ocrx_word' id='word_1_10' title='bbox 1045 436 1179 517; x_wconf 82' lang='lat' dir='ltr'>ocelli¹¹3</span> <span class='ocrx_word' id='word_1_11' title='bbox 1214 457 1311 505; x_wconf 87' lang='lat' dir='ltr'>carm.</span> 
     </span>
     <span class='ocr_line' id='line_1_4' title="bbox 178 549 1314 651; baseline -0.007 -32"><span class='ocrx_word' id='word_1_12' title='bbox 178 561 229 636; x_wconf 84' lang='lat'>41,</span> <span class='ocrx_word' id='word_1_13' title='bbox 254 559 272 619; x_wconf 88' lang='grc'><strong>3</strong></span> <span class='ocrx_word' id='word_1_14' title='bbox 301 553 483 637; x_wconf 83' lang='lat' dir='ltr'>,turpiculo</span> <span class='ocrx_word' id='word_1_15' title='bbox 506 558 604 616; x_wconf 79' lang='lat' dir='ltr'>naso“</span> <span class='ocrx_word' id='word_1_16' title='bbox 630 549 863 616; x_wconf 83' lang='lat' dir='ltr'>deminutivum</span> <span class='ocrx_word' id='word_1_17' title='bbox 885 549 1038 651; x_wconf 87' lang='lat' dir='ltr'>adiectivi</span> <span class='ocrx_word' id='word_1_18' title='bbox 1059 551 1151 634; x_wconf 90' lang='lat' dir='ltr'>ponit</span> <span class='ocrx_word' id='word_1_19' title='bbox 1174 549 1314 617; x_wconf 59' lang='lat' dir='ltr'>attribu-</span> 
     </span>
     <span class='ocr_line' id='line_1_5' title="bbox 178 661 1405 747; baseline -0.003 -15"><span class='ocrx_word' id='word_1_20' title='bbox 178 667 299 733; x_wconf 80' lang='lat' dir='ltr'>tionem</span> <span class='ocrx_word' id='word_1_21' title='bbox 331 664 373 731; x_wconf 86' lang='lat' dir='ltr'>ad</span> <span class='ocrx_word' id='word_1_22' title='bbox 403 663 657 745; x_wconf 90' lang='lat' dir='ltr'>substantivum,</span> <span class='ocrx_word' id='word_1_23' title='bbox 691 663 875 747; x_wconf 86' lang='lat' dir='ltr'>quaeritur,</span> <span class='ocrx_word' id='word_1_24' title='bbox 907 666 1018 728; x_wconf 90' lang='lat' dir='ltr'>utrum</span> <span class='ocrx_word' id='word_1_25' title='bbox 1050 661 1245 728; x_wconf 84' lang='lat' dir='ltr'>adiectivnm</span> <span class='ocrx_word' id='word_1_26' title='bbox 1271 685 1314 729; x_wconf 87' lang='lat' dir='ltr'>an</span> <span class='ocrx_word' id='word_1_27' title='bbox 1401 735 1405 743; x_wconf 58' lang='grc'><em>,</em></span> 
     </span>
    </p>
   </div>
   <div class='ocr_carea' id='block_1_4' title="bbox 179 773 1417 2434">
    <p class='ocr_par' dir='ltr' id='par_1_4' title="bbox 179 773 1417 1424">
     <span class='ocr_line' id='line_1_6' title="bbox 179 773 1314 844; baseline -0.001 -1"><span class='ocrx_word' id='word_1_28' title='bbox 179 777 419 844; x_wconf 88' lang='lat' dir='ltr'>substantivum</span> <span class='ocrx_word' id='word_1_29' title='bbox 452 776 669 844; x_wconf 82' lang='lat' dir='ltr'>deminuatur.</span> <span class='ocrx_word' id='word_1_30' title='bbox 715 775 790 841; x_wconf 86' lang='lat' dir='ltr'>Sine</span> <span class='ocrx_word' id='word_1_31' title='bbox 823 774 921 840; x_wconf 91' lang='lat' dir='ltr'>dnbio</span> <span class='ocrx_word' id='word_1_32' title='bbox 953 773 1106 839; x_wconf 90' lang='lat' dir='ltr'>adiectivi</span> <span class='ocrx_word' id='word_1_33' title='bbox 1136 775 1314 843; x_wconf 86' lang='lat' dir='ltr'>deminutio</span> 
     </span>
     <span class='ocr_line' id='line_1_7' title="bbox 180 887 1315 972; baseline 0.001 -17"><span class='ocrx_word' id='word_1_34' title='bbox 180 889 232 972; x_wconf 85' lang='lat' dir='ltr'>fit,</span> <span class='ocrx_word' id='word_1_35' title='bbox 262 896 300 956; x_wconf 94' lang='lat' dir='ltr'>ut</span> <span class='ocrx_word' id='word_1_36' title='bbox 320 889 453 955; x_wconf 91' lang='lat' dir='ltr'>Pohlius</span> <span class='ocrx_word' id='word_1_37' title='bbox 476 894 564 953; x_wconf 86' lang='lat' dir='ltr'>recte</span> <span class='ocrx_word' id='word_1_38' title='bbox 594 893 749 970; x_wconf 85' lang='lat' dir='ltr'>annotat,</span> <span class='ocrx_word' id='word_1_39' title='bbox 784 887 812 952; x_wconf 90' lang='lat' dir='ltr'>si</span> <span class='ocrx_word' id='word_1_40' title='bbox 843 904 941 954; x_wconf 88' lang='lat' dir='ltr'>carm.</span> <span class='ocrx_word' id='word_1_41' title='bbox 967 887 1026 968; x_wconf 79' lang='lat'>41,</span> <span class='ocrx_word' id='word_1_42' title='bbox 1055 890 1073 951; x_wconf 88' lang='lat'><strong>3</strong></span> <span class='ocrx_word' id='word_1_43' title='bbox 1096 888 1315 972; x_wconf 87' lang='lat' dir='ltr'>interpretans</span> 
     </span>
     <span class='ocr_line' id='line_1_8' title="bbox 180 999 1315 1084; baseline -0.001 -15"><span class='ocrx_word' id='word_1_44' title='bbox 180 1003 275 1069; x_wconf 90' lang='lat' dir='ltr'>dicit:</span> <span class='ocrx_word' id='word_1_45' title='bbox 303 1002 404 1080; x_wconf 88' lang='lat' dir='ltr'>„Nam</span> <span class='ocrx_word' id='word_1_46' title='bbox 427 1001 531 1066; x_wconf 87' lang='lat' dir='ltr'>forma</span> <span class='ocrx_word' id='word_1_47' title='bbox 554 1001 753 1067; x_wconf 87' lang='lat' dir='ltr'>deminutiva</span> <span class='ocrx_word' id='word_1_48' title='bbox 775 1002 822 1066; x_wconf 93' lang='lat' dir='ltr'>vis</span> <span class='ocrx_word' id='word_1_49' title='bbox 845 999 1048 1065; x_wconf 90' lang='lat' dir='ltr'>imminuitur</span> <span class='ocrx_word' id='word_1_50' title='bbox 1071 1001 1139 1065; x_wconf 88' lang='lat' dir='ltr'>eius</span> <span class='ocrx_word' id='word_1_51' title='bbox 1156 1001 1315 1084; x_wconf 82' lang='lat' dir='ltr'>vocabuli,</span> 
     </span>
     <span class='ocr_line' id='line_1_9' title="bbox 182 1112 1417 1199; baseline -0.001 -19"><span class='ocrx_word' id='word_1_52' title='bbox 182 1116 234 1180; x_wconf 91' lang='lat' dir='ltr'>cui</span> <span class='ocrx_word' id='word_1_53' title='bbox 255 1115 313 1180; x_wconf 91' lang='lat' dir='ltr'>illa</span> <span class='ocrx_word' id='word_1_54' title='bbox 335 1113 431 1179; x_wconf 89' lang='lat' dir='ltr'>affixa</span> <span class='ocrx_word' id='word_1_55' title='bbox 453 1120 517 1196; x_wconf 86' lang='lat' dir='ltr'>est,</span> <span class='ocrx_word' id='word_1_56' title='bbox 541 1137 605 1180; x_wconf 91' lang='lat' dir='ltr'>non</span> <span class='ocrx_word' id='word_1_57' title='bbox 627 1112 776 1179; x_wconf 78' lang='lat' dir='ltr'>vocabuli</span> <span class='ocrx_word' id='word_1_58' title='bbox 798 1113 976 1195; x_wconf 87' lang='lat' dir='ltr'>coniuncti,</span> <span class='ocrx_word' id='word_1_59' title='bbox 1004 1113 1106 1197; x_wconf 86' lang='lat' dir='ltr'>igitur</span> <span class='ocrx_word' id='word_1_60' title='bbox 1136 1114 1317 1199; x_wconf 86' lang='lat' dir='ltr'>turpiculus</span> <span class='ocrx_word' id='word_1_61' title='bbox 1413 1140 1417 1147; x_wconf 93' lang='lat'><strong>·</strong></span> 
     </span>
     <span class='ocr_line' id='line_1_10' title="bbox 182 1226 1318 1312; baseline 0 -20"><span class='ocrx_word' id='word_1_62' title='bbox 182 1249 281 1293; x_wconf 85' lang='lat' dir='ltr'>nasus</span> <span class='ocrx_word' id='word_1_63' title='bbox 304 1226 338 1291; x_wconf 91' lang='lat' dir='ltr'>id</span> <span class='ocrx_word' id='word_1_64' title='bbox 361 1231 428 1307; x_wconf 85' lang='lat' dir='ltr'>est,</span> <span class='ocrx_word' id='word_1_65' title='bbox 462 1226 549 1309; x_wconf 88' lang='lat' dir='ltr'>quod</span> <span class='ocrx_word' id='word_1_66' title='bbox 572 1226 738 1309; x_wconf 91' lang='lat' dir='ltr'>subturpis</span> <span class='ocrx_word' id='word_1_67' title='bbox 764 1247 863 1291; x_wconf 88' lang='lat' dir='ltr'>nasus</span> <span class='ocrx_word' id='word_1_68' title='bbox 873 1245 979 1307; x_wconf 65' lang='lat' dir='ltr'>,·,non</span> <span class='ocrx_word' id='word_1_69' title='bbox 1002 1226 1125 1312; x_wconf 89' lang='lat' dir='ltr'>turpis,</span> <span class='ocrx_word' id='word_1_70' title='bbox 1158 1227 1186 1291; x_wconf 88' lang='lat' dir='ltr'>si</span> <span class='ocrx_word' id='word_1_71' title='bbox 1207 1248 1318 1293; x_wconf 87' lang='lat' dir='ltr'>vocem</span> 
     </span>
     <span class='ocr_line' id='line_1_11' title="bbox 182 1337 679 1424; baseline 0.002 -21"><span class='ocrx_word' id='word_1_72' title='bbox 182 1337 303 1424; x_wconf 88' lang='lat' dir='ltr'>fingere</span> <span class='ocrx_word' id='word_1_73' title='bbox 326 1338 432 1419; x_wconf 86' lang='lat' dir='ltr'>liceat,</span> <span class='ocrx_word' id='word_1_74' title='bbox 454 1339 627 1406; x_wconf 76' lang='lat' dir='ltr'>nasellus¹¹</span> <span class='ocrx_word' id='word_1_75' title='bbox 640 1339 679 1424; x_wconf 76' lang='grc'>13)</span> 
     </span>
    </p>

    <p class='ocr_par' dir='ltr' id='par_1_5' title="bbox 186 1451 1326 2434">
     <span class='ocr_line' id='line_1_12' title="bbox 289 1451 1320 1535; baseline 0.002 -20"><span class='ocrx_word' id='word_1_76' title='bbox 289 1451 437 1533; x_wconf 90' lang='lat' dir='ltr'>Denique</span> <span class='ocrx_word' id='word_1_77' title='bbox 458 1472 536 1515; x_wconf 88' lang='lat' dir='ltr'>usus</span> <span class='ocrx_word' id='word_1_78' title='bbox 560 1451 751 1515; x_wconf 86' lang='lat' dir='ltr'>deminutivi</span> <span class='ocrx_word' id='word_1_79' title='bbox 784 1451 1003 1535; x_wconf 83' lang='lat' dir='ltr'>„ponticulus¹¹</span> <span class='ocrx_word' id='word_1_80' title='bbox 1029 1473 1128 1517; x_wconf 88' lang='lat' dir='ltr'>carm.</span> <span class='ocrx_word' id='word_1_81' title='bbox 1155 1457 1204 1534; x_wconf 86' lang='lat'>17,</span> <span class='ocrx_word' id='word_1_82' title='bbox 1227 1459 1246 1518; x_wconf 89' lang='lat'><strong>3</strong></span> <span class='ocrx_word' id='word_1_83' title='bbox 1269 1457 1320 1519; x_wconf 88' lang='lat' dir='ltr'>est</span> 
     </span>
     <span class='ocr_line' id='line_1_13' title="bbox 186 1543 1319 1648; baseline 0.002 -19"><span class='ocrx_word' id='word_1_84' title='bbox 186 1562 357 1644; x_wconf 75' lang='lat' dir='ltr'>notanduS,</span> <span class='ocrx_word' id='word_1_85' title='bbox 381 1585 445 1647; x_wconf 93' lang='lat' dir='ltr'>quo</span> <span class='ocrx_word' id='word_1_86' title='bbox 467 1563 540 1629; x_wconf 93' lang='lat' dir='ltr'>loco</span> <span class='ocrx_word' id='word_1_87' title='bbox 562 1567 661 1647; x_wconf 88' lang='lat' dir='ltr'>poeta</span> <span class='ocrx_word' id='word_1_88' title='bbox 683 1562 902 1629; x_wconf 84' lang='lat' dir='ltr'>deminutione</span> <span class='ocrx_word' id='word_1_89' title='bbox 924 1543 1268 1648; x_wconf 75' lang='lat' dir='ltr'>utitur,quamquam</span> <span class='ocrx_word' id='word_1_90' title='bbox 1289 1587 1319 1631; x_wconf 90' lang='lat' dir='ltr'>v.</span> 
     </span>
     <span class='ocr_line' id='line_1_14' title="bbox 189 1675 1321 1761; baseline 0.002 -21"><span class='ocrx_word' id='word_1_91' title='bbox 189 1682 203 1740; x_wconf 94' lang='lat'>1</span> <span class='ocrx_word' id='word_1_92' title='bbox 232 1697 332 1761; x_wconf 87' lang='lat' dir='ltr'>,pons</span> <span class='ocrx_word' id='word_1_93' title='bbox 354 1683 508 1759; x_wconf 69' lang='lat' dir='ltr'>magnus*</span> <span class='ocrx_word' id='word_1_94' title='bbox 535 1675 627 1740; x_wconf 87' lang='lat' dir='ltr'>dixit.</span> <span class='ocrx_word' id='word_1_95' title='bbox 652 1677 722 1740; x_wconf 89' lang='lat' dir='ltr'>Iam</span> <span class='ocrx_word' id='word_1_96' title='bbox 741 1676 901 1742; x_wconf 88' lang='lat' dir='ltr'>Antonius</span> <span class='ocrx_word' id='word_1_97' title='bbox 924 1676 1070 1742; x_wconf 88' lang='lat' dir='ltr'>Muretus</span> <span class='ocrx_word' id='word_1_98' title='bbox 1092 1677 1154 1743; x_wconf 93' lang='lat' dir='ltr'>hoc</span> <span class='ocrx_word' id='word_1_99' title='bbox 1176 1678 1321 1743; x_wconf 87' lang='lat' dir='ltr'>animad-</span> 
     </span>
     <span class='ocr_line' id='line_1_15' title="bbox 186 1787 1321 1874; baseline -0.001 -20"><span class='ocrx_word' id='word_1_100' title='bbox 186 1795 315 1854; x_wconf 89' lang='lat' dir='ltr'>vertens</span> <span class='ocrx_word' id='word_1_101' title='bbox 347 1788 402 1853; x_wconf 85' lang='lat' dir='ltr'>fol.</span> <span class='ocrx_word' id='word_1_102' title='bbox 433 1809 506 1872; x_wconf 86' lang='lat' dir='ltr'>pag.</span> <span class='ocrx_word' id='word_1_103' title='bbox 537 1792 576 1851; x_wconf 83' lang='lat'>52</span> <span class='ocrx_word' id='word_1_104' title='bbox 606 1787 700 1853; x_wconf 89' lang='lat' dir='ltr'>dicit:</span> <span class='ocrx_word' id='word_1_105' title='bbox 742 1789 830 1868; x_wconf 84' lang='lat' dir='ltr'>„Quo</span> <span class='ocrx_word' id='word_1_106' title='bbox 860 1789 955 1854; x_wconf 94' lang='lat' dir='ltr'>modo</span> <span class='ocrx_word' id='word_1_107' title='bbox 985 1790 1186 1874; x_wconf 88' lang='lat' dir='ltr'>ponticulum</span> <span class='ocrx_word' id='word_1_108' title='bbox 1218 1793 1321 1870; x_wconf 89' lang='lat' dir='ltr'>vocat,</span> 
     </span>
     <span class='ocr_line' id='line_1_16' title="bbox 188 1901 1322 1986; baseline 0.003 -22"><span class='ocrx_word' id='word_1_109' title='bbox 188 1921 285 1983; x_wconf 88' lang='lat' dir='ltr'>quem</span> <span class='ocrx_word' id='word_1_110' title='bbox 306 1907 403 1966; x_wconf 86' lang='lat' dir='ltr'>autea</span> <span class='ocrx_word' id='word_1_111' title='bbox 424 1906 556 1984; x_wconf 84' lang='lat' dir='ltr'>pontem</span> <span class='ocrx_word' id='word_1_112' title='bbox 579 1901 711 1984; x_wconf 88' lang='lat' dir='ltr'>longum</span> <span class='ocrx_word' id='word_1_113' title='bbox 733 1901 882 1968; x_wconf 79' lang='lat' dir='ltr'>dixerat?</span> <span class='ocrx_word' id='word_1_114' title='bbox 904 1924 957 1983; x_wconf 89' lang='lat' dir='ltr'>an,</span> <span class='ocrx_word' id='word_1_115' title='bbox 980 1902 1068 1986; x_wconf 91' lang='lat' dir='ltr'>quod</span> <span class='ocrx_word' id='word_1_116' title='bbox 1095 1923 1211 1986; x_wconf 92' lang='lat' dir='ltr'>parum</span> <span class='ocrx_word' id='word_1_117' title='bbox 1234 1903 1322 1968; x_wconf 90' lang='lat' dir='ltr'>latus</span> 
     </span>
     <span class='ocr_line' id='line_1_17' title="bbox 189 2011 1324 2099; baseline 0.004 -23"><span class='ocrx_word' id='word_1_118' title='bbox 189 2017 285 2094; x_wconf 88' lang='lat' dir='ltr'>esset,</span> <span class='ocrx_word' id='word_1_119' title='bbox 308 2033 359 2093; x_wconf 87' lang='lat' dir='ltr'>an,</span> <span class='ocrx_word' id='word_1_120' title='bbox 383 2012 470 2096; x_wconf 90' lang='lat' dir='ltr'>quod</span> <span class='ocrx_word' id='word_1_121' title='bbox 492 2011 679 2078; x_wconf 72' lang='lat' dir='ltr'>infirmusl¹⁴</span> <span class='ocrx_word' id='word_1_122' title='bbox 719 2014 839 2097; x_wconf 81' lang='lat' dir='ltr'>Aperte</span> <span class='ocrx_word' id='word_1_123' title='bbox 861 2014 1041 2099; x_wconf 86' lang='lat' dir='ltr'>posteriore</span> <span class='ocrx_word' id='word_1_124' title='bbox 1064 2035 1163 2080; x_wconf 87' lang='lat' dir='ltr'>causa</span> <span class='ocrx_word' id='word_1_125' title='bbox 1186 2035 1324 2080; x_wconf 92' lang='lat' dir='ltr'>commo-</span> 
     </span>
     <span class='ocr_line' id='line_1_18' title="bbox 189 2124 1325 2212; baseline 0.004 -24"><span class='ocrx_word' id='word_1_126' title='bbox 189 2130 243 2189; x_wconf 85' lang='lat' dir='ltr'>tus</span> <span class='ocrx_word' id='word_1_127' title='bbox 267 2124 412 2190; x_wconf 81' lang='lat' dir='ltr'>Catullus</span> <span class='ocrx_word' id='word_1_128' title='bbox 435 2147 508 2191; x_wconf 91' lang='lat' dir='ltr'>oum</span> <span class='ocrx_word' id='word_1_129' title='bbox 530 2125 636 2190; x_wconf 86' lang='lat' dir='ltr'>ironia</span> <span class='ocrx_word' id='word_1_130' title='bbox 658 2124 801 2211; x_wconf 90' lang='lat' dir='ltr'>quadam</span> <span class='ocrx_word' id='word_1_131' title='bbox 828 2128 876 2192; x_wconf 84' lang='lat' dir='ltr'>ita</span> <span class='ocrx_word' id='word_1_132' title='bbox 906 2126 1051 2212; x_wconf 73' lang='lat' dir='ltr'>scripsit,</span> <span class='ocrx_word' id='word_1_133' title='bbox 1085 2149 1167 2211; x_wconf 87' lang='lat' dir='ltr'>pons</span> <span class='ocrx_word' id='word_1_134' title='bbox 1195 2127 1325 2211; x_wconf 89' lang='lat' dir='ltr'>quidem</span> 
     </span>
     <span class='ocr_line' id='line_1_19' title="bbox 190 2237 1326 2321; baseline 0.002 -19"><span class='ocrx_word' id='word_1_135' title='bbox 190 2258 327 2321; x_wconf 87' lang='lat' dir='ltr'>magnus</span> <span class='ocrx_word' id='word_1_136' title='bbox 350 2242 399 2303; x_wconf 86' lang='lat' dir='ltr'>est</span> <span class='ocrx_word' id='word_1_137' title='bbox 421 2243 519 2320; x_wconf 90' lang='lat' dir='ltr'>atque</span> <span class='ocrx_word' id='word_1_138' title='bbox 541 2238 675 2321; x_wconf 86' lang='lat' dir='ltr'>longus,</span> <span class='ocrx_word' id='word_1_139' title='bbox 713 2237 770 2303; x_wconf 88' lang='lat' dir='ltr'>sed</span> <span class='ocrx_word' id='word_1_140' title='bbox 789 2239 917 2305; x_wconf 86' lang='lat' dir='ltr'>ruinam</span> <span class='ocrx_word' id='word_1_141' title='bbox 938 2241 1065 2305; x_wconf 90' lang='lat' dir='ltr'>minans</span> <span class='ocrx_word' id='word_1_142' title='bbox 1087 2240 1168 2305; x_wconf 91' lang='lat' dir='ltr'>nihil</span> <span class='ocrx_word' id='word_1_143' title='bbox 1191 2245 1242 2306; x_wconf 89' lang='lat' dir='ltr'>est</span> <span class='ocrx_word' id='word_1_144' title='bbox 1262 2240 1326 2304; x_wconf 91' lang='lat' dir='ltr'>nisi</span> 
     </span>
     <span class='ocr_line' id='line_1_20' title="bbox 191 2350 387 2434; baseline -0.005 -20"><span class='ocrx_word' id='word_1_145' title='bbox 191 2350 387 2434; x_wconf 82' lang='lat' dir='ltr'>ponticulus.</span> 
     </span>
    </p>
   </div>
   <div class='ocr_carea' id='block_1_5' title="bbox 297 2462 1327 2548">
    <p class='ocr_par' dir='ltr' id='par_1_6' title="bbox 297 2462 1327 2548">
     <span class='ocr_line' id='line_1_21' title="bbox 297 2462 1327 2548; baseline 0.001 -21"><span class='ocrx_word' id='word_1_146' title='bbox 297 2462 357 2528; x_wconf 89' lang='lat' dir='ltr'>His</span> <span class='ocrx_word' id='word_1_147' title='bbox 379 2463 475 2528; x_wconf 91' lang='lat' dir='ltr'>rebus</span> <span class='ocrx_word' id='word_1_148' title='bbox 499 2463 658 2529; x_wconf 88' lang='lat' dir='ltr'>absolutis</span> <span class='ocrx_word' id='word_1_149' title='bbox 681 2470 793 2546; x_wconf 88' lang='lat' dir='ltr'>restat,</span> <span class='ocrx_word' id='word_1_150' title='bbox 818 2470 854 2530; x_wconf 92' lang='lat' dir='ltr'>ut</span> <span class='ocrx_word' id='word_1_151' title='bbox 876 2463 1017 2530; x_wconf 88' lang='lat' dir='ltr'>breviter</span> <span class='ocrx_word' id='word_1_152' title='bbox 1039 2464 1217 2547; x_wconf 89' lang='lat' dir='ltr'>attingam,</span> <span class='ocrx_word' id='word_1_153' title='bbox 1239 2464 1327 2548; x_wconf 90' lang='lat' dir='ltr'>quod</span> 
     </span>
    </p>
   </div>
   <div class='ocr_carea' id='block_1_6' title="bbox 63 2576 1328 2661">
    <p class='ocr_par' dir='ltr' id='par_1_7' title="bbox 63 2576 1328 2661">
     <span class='ocr_line' id='line_1_22' title="bbox 63 2576 1328 2661; baseline 0.003 -23"><span class='ocrx_word' id='word_1_154' title='bbox 63 2596 66 2603; x_wconf 91' lang='lat'><strong>·</strong></span> <span class='ocrx_word' id='word_1_155' title='bbox 195 2576 239 2638; x_wconf 92' lang='lat' dir='ltr'>sit</span> <span class='ocrx_word' id='word_1_156' title='bbox 260 2595 361 2658; x_wconf 86' lang='lat' dir='ltr'>genus</span> <span class='ocrx_word' id='word_1_157' title='bbox 385 2577 583 2656; x_wconf 89' lang='lat' dir='ltr'>carminum,</span> <span class='ocrx_word' id='word_1_158' title='bbox 606 2577 780 2661; x_wconf 88' lang='lat' dir='ltr'>inquibus</span> <span class='ocrx_word' id='word_1_159' title='bbox 805 2577 954 2643; x_wconf 81' lang='lat' dir='ltr'>Catullus</span> <span class='ocrx_word' id='word_1_160' title='bbox 977 2597 1093 2658; x_wconf 89' lang='lat' dir='ltr'>magno</span> <span class='ocrx_word' id='word_1_161' title='bbox 1116 2576 1328 2642; x_wconf 89' lang='lat' dir='ltr'>deminutivo·</span> 
     </span>
    </p>
   </div>
   <div class='ocr_carea' id='block_1_7' title="bbox 195 2689 1340 4123">
    <p class='ocr_par' dir='ltr' id='par_1_8' title="bbox 195 2689 1329 2884">
     <span class='ocr_line' id='line_1_23' title="bbox 195 2689 1329 2774; baseline 0.004 -24"><span class='ocrx_word' id='word_1_162' title='bbox 195 2707 268 2751; x_wconf 89' lang='lat' dir='ltr'>rum</span> <span class='ocrx_word' id='word_1_163' title='bbox 304 2708 437 2753; x_wconf 85' lang='lat' dir='ltr'>numero</span> <span class='ocrx_word' id='word_1_164' title='bbox 476 2693 525 2753; x_wconf 86' lang='lat' dir='ltr'>est</span> <span class='ocrx_word' id='word_1_165' title='bbox 558 2710 650 2769; x_wconf 87' lang='lat' dir='ltr'>usus,</span> <span class='ocrx_word' id='word_1_166' title='bbox 688 2696 721 2755; x_wconf 88' lang='lat' dir='ltr'>et</span> <span class='ocrx_word' id='word_1_167' title='bbox 757 2711 824 2773; x_wconf 89' lang='lat' dir='ltr'>qua</span> <span class='ocrx_word' id='word_1_168' title='bbox 855 2689 895 2755; x_wconf 92' lang='lat' dir='ltr'>de</span> <span class='ocrx_word' id='word_1_169' title='bbox 927 2709 1025 2754; x_wconf 85' lang='lat' dir='ltr'>causa</span> <span class='ocrx_word' id='word_1_170' title='bbox 1057 2694 1125 2753; x_wconf 92' lang='lat' dir='ltr'>tam</span> <span class='ocrx_word' id='word_1_171' title='bbox 1159 2709 1256 2774; x_wconf 89' lang='lat' dir='ltr'>saepe</span> <span class='ocrx_word' id='word_1_172' title='bbox 1289 2710 1329 2755; x_wconf 89' lang='lat' dir='ltr'>ea</span> 
     </span>
     <span class='ocr_line' id='line_1_24' title="bbox 197 2799 372 2884; baseline 0.011 -22"><span class='ocrx_word' id='word_1_173' title='bbox 197 2799 372 2884; x_wconf 85' lang='lat' dir='ltr'>scripserit.</span> 
     </span>
    </p>

    <p class='ocr_par' dir='ltr' id='par_1_9' title="bbox 197 2911 1340 4123">
     <span class='ocr_line' id='line_1_25' title="bbox 302 2911 1331 2998; baseline 0.003 -22"><span class='ocrx_word' id='word_1_174' title='bbox 302 2911 404 2978; x_wconf 89' lang='lat' dir='ltr'>Nemo</span> <span class='ocrx_word' id='word_1_175' title='bbox 436 2915 600 2998; x_wconf 86' lang='lat' dir='ltr'>permulta</span> <span class='ocrx_word' id='word_1_176' title='bbox 633 2913 832 2978; x_wconf 87' lang='lat' dir='ltr'>deminutiva</span> <span class='ocrx_word' id='word_1_177' title='bbox 864 2913 986 2979; x_wconf 84' lang='lat' dir='ltr'>Catulli</span> <span class='ocrx_word' id='word_1_178' title='bbox 1023 2911 1218 2978; x_wconf 89' lang='lat' dir='ltr'>carminibus</span> <span class='ocrx_word' id='word_1_179' title='bbox 1251 2912 1331 2979; x_wconf 86' lang='lat' dir='ltr'>dare</span> 
     </span>
     <span class='ocr_line' id='line_1_26' title="bbox 197 3022 1331 3111; baseline 0.002 -23"><span class='ocrx_word' id='word_1_180' title='bbox 197 3027 401 3090; x_wconf 86' lang='lat' dir='ltr'>venustatem</span> <span class='ocrx_word' id='word_1_181' title='bbox 425 3032 458 3091; x_wconf 89' lang='lat' dir='ltr'>et</span> <span class='ocrx_word' id='word_1_182' title='bbox 479 3027 622 3091; x_wconf 84' lang='lat' dir='ltr'>nativum</span> <span class='ocrx_word' id='word_1_183' title='bbox 645 3025 808 3111; x_wconf 88' lang='lat' dir='ltr'>quendam</span> <span class='ocrx_word' id='word_1_184' title='bbox 821 3027 966 3110; x_wconf 88' lang='lat' dir='ltr'>leporem</span> <span class='ocrx_word' id='word_1_185' title='bbox 980 3022 1124 3109; x_wconf 81' lang='lat' dir='ltr'>negabit,</span> <span class='ocrx_word' id='word_1_186' title='bbox 1147 3024 1204 3090; x_wconf 90' lang='lat' dir='ltr'>sed</span> <span class='ocrx_word' id='word_1_187' title='bbox 1220 3045 1331 3090; x_wconf 90' lang='lat' dir='ltr'>omnes</span> 
     </span>
     <span class='ocr_line' id='line_1_27' title="bbox 199 3135 1332 3224; baseline -0.001 -22"><span class='ocrx_word' id='word_1_188' title='bbox 199 3138 418 3204; x_wconf 88' lang='lat' dir='ltr'>assentientur</span> <span class='ocrx_word' id='word_1_189' title='bbox 439 3139 518 3204; x_wconf 92' lang='lat' dir='ltr'>mihi</span> <span class='ocrx_word' id='word_1_190' title='bbox 540 3139 678 3221; x_wconf 88' lang='lat' dir='ltr'>dicenti,</span> <span class='ocrx_word' id='word_1_191' title='bbox 710 3138 883 3224; x_wconf 88' lang='lat' dir='ltr'>praecipue</span> <span class='ocrx_word' id='word_1_192' title='bbox 915 3135 958 3202; x_wconf 89' lang='lat' dir='ltr'>ad</span> <span class='ocrx_word' id='word_1_193' title='bbox 988 3135 1238 3203; x_wconf 88' lang='lat' dir='ltr'>oblectationem</span> <span class='ocrx_word' id='word_1_194' title='bbox 1261 3157 1332 3202; x_wconf 86' lang='lat' dir='ltr'>esse</span> 
     </span>
     <span class='ocr_line' id='line_1_28' title="bbox 199 3248 1333 3336; baseline -0.003 -20"><span class='ocrx_word' id='word_1_195' title='bbox 199 3250 432 3317; x_wconf 87' lang='lat' dir='ltr'>iucundissima</span> <span class='ocrx_word' id='word_1_196' title='bbox 454 3251 610 3319; x_wconf 90' lang='lat' dir='ltr'>vocabula</span> <span class='ocrx_word' id='word_1_197' title='bbox 632 3251 849 3331; x_wconf 86' lang='lat' dir='ltr'>deminutivs,</span> <span class='ocrx_word' id='word_1_198' title='bbox 873 3271 956 3336; x_wconf 89' lang='lat' dir='ltr'>quas</span> <span class='ocrx_word' id='word_1_199' title='bbox 978 3249 1099 3334; x_wconf 88' lang='lat' dir='ltr'>optime</span> <span class='ocrx_word' id='word_1_200' title='bbox 1121 3270 1189 3314; x_wconf 88' lang='lat' dir='ltr'>rem</span> <span class='ocrx_word' id='word_1_201' title='bbox 1213 3248 1333 3332; x_wconf 86' lang='lat' dir='ltr'>signifi-</span> 
     </span>
     <span class='ocr_line' id='line_1_29' title="bbox 201 3361 1331 3449; baseline -0.003 -20"><span class='ocrx_word' id='word_1_202' title='bbox 201 3370 290 3445; x_wconf 89' lang='lat' dir='ltr'>cent,</span> <span class='ocrx_word' id='word_1_203' title='bbox 321 3385 419 3449; x_wconf 91' lang='lat' dir='ltr'>quam</span> <span class='ocrx_word' id='word_1_204' title='bbox 441 3370 563 3430; x_wconf 87' lang='lat' dir='ltr'>tractat</span> <span class='ocrx_word' id='word_1_205' title='bbox 583 3369 691 3449; x_wconf 84' lang='lat' dir='ltr'>poeta.</span> <span class='ocrx_word' id='word_1_206' title='bbox 739 3362 860 3443; x_wconf 84' lang='lat' dir='ltr'>Quodsi</span> <span class='ocrx_word' id='word_1_207' title='bbox 888 3363 1043 3428; x_wconf 85' lang='lat' dir='ltr'>materies</span> <span class='ocrx_word' id='word_1_208' title='bbox 1073 3366 1159 3428; x_wconf 85' lang='lat' dir='ltr'>esset</span> <span class='ocrx_word' id='word_1_209' title='bbox 1189 3361 1331 3445; x_wconf 83' lang='lat' dir='ltr'>grandis,</span> 
     </span>
     <span class='ocr_line' id='line_1_30' title="bbox 202 3474 1333 3562; baseline -0.005 -18"><span class='ocrx_word' id='word_1_210' title='bbox 202 3477 416 3561; x_wconf 86' lang='lat' dir='ltr'>offenderent,</span> <span class='ocrx_word' id='word_1_211' title='bbox 448 3476 505 3543; x_wconf 88' lang='lat' dir='ltr'>scd</span> <span class='ocrx_word' id='word_1_212' title='bbox 527 3499 600 3542; x_wconf 92' lang='lat' dir='ltr'>cum</span> <span class='ocrx_word' id='word_1_213' title='bbox 628 3497 747 3562; x_wconf 85' lang='lat' dir='ltr'>nugas,</span> <span class='ocrx_word' id='word_1_214' title='bbox 775 3482 813 3541; x_wconf 94' lang='lat' dir='ltr'>ut</span> <span class='ocrx_word' id='word_1_215' title='bbox 844 3480 943 3560; x_wconf 88' lang='lat' dir='ltr'>posta</span> <span class='ocrx_word' id='word_1_216' title='bbox 968 3475 1040 3559; x_wconf 86' lang='lat' dir='ltr'>ipsa</span> <span class='ocrx_word' id='word_1_217' title='bbox 1063 3474 1207 3540; x_wconf 83' lang='lat' dir='ltr'>carmina</span> <span class='ocrx_word' id='word_1_218' title='bbox 1228 3477 1333 3554; x_wconf 88' lang='lat' dir='ltr'>vocat,</span> 
     </span>
     <span class='ocr_line' id='line_1_31' title="bbox 202 3585 1336 3675; baseline -0.007 -19"><span class='ocrx_word' id='word_1_219' title='bbox 202 3591 279 3672; x_wconf 88' lang='lat' dir='ltr'>sint,</span> <span class='ocrx_word' id='word_1_220' title='bbox 302 3591 470 3675; x_wconf 88' lang='lat' dir='ltr'>aptissime</span> <span class='ocrx_word' id='word_1_221' title='bbox 493 3588 656 3672; x_wconf 85' lang='lat' dir='ltr'>quadrant</span> <span class='ocrx_word' id='word_1_222' title='bbox 679 3592 779 3674; x_wconf 89' lang='lat' dir='ltr'>atque</span> <span class='ocrx_word' id='word_1_223' title='bbox 801 3588 948 3673; x_wconf 81' lang='lat' dir='ltr'>placent3</span> <span class='ocrx_word' id='word_1_224' title='bbox 986 3589 1187 3671; x_wconf 86' lang='lat' dir='ltr'>quapropter</span> <span class='ocrx_word' id='word_1_225' title='bbox 1209 3585 1243 3649; x_wconf 90' lang='lat' dir='ltr'>in</span> <span class='ocrx_word' id='word_1_226' title='bbox 1266 3604 1336 3649; x_wconf 87' lang='lat' dir='ltr'>oar-</span> 
     </span>
     <span class='ocr_line' id='line_1_32' title="bbox 203 3695 1336 3785; baseline -0.01 -15"><span class='ocrx_word' id='word_1_227' title='bbox 203 3702 344 3770; x_wconf 90' lang='lat' dir='ltr'>minibus</span> <span class='ocrx_word' id='word_1_228' title='bbox 365 3701 540 3768; x_wconf 86' lang='lat' dir='ltr'>maioribus</span> <span class='ocrx_word' id='word_1_229' title='bbox 564 3723 647 3785; x_wconf 89' lang='lat' dir='ltr'>quae</span> <span class='ocrx_word' id='word_1_230' title='bbox 669 3701 738 3768; x_wconf 88' lang='lat' dir='ltr'>fere</span> <span class='ocrx_word' id='word_1_231' title='bbox 759 3706 810 3766; x_wconf 88' lang='lat' dir='ltr'>tot</span> <span class='ocrx_word' id='word_1_232' title='bbox 832 3721 944 3767; x_wconf 90' lang='lat' dir='ltr'>versus</span> <span class='ocrx_word' id='word_1_233' title='bbox 960 3700 1136 3781; x_wconf 89' lang='lat' dir='ltr'>continent,</span> <span class='ocrx_word' id='word_1_234' title='bbox 1159 3695 1247 3782; x_wconf 90' lang='lat' dir='ltr'>quod</span> <span class='ocrx_word' id='word_1_235' title='bbox 1261 3695 1336 3760; x_wconf 91' lang='lat' dir='ltr'>reli-</span> 
     </span>
     <span class='ocr_line' id='line_1_33' title="bbox 205 3807 1338 3899; baseline -0.007 -19"><span class='ocrx_word' id='word_1_236' title='bbox 205 3816 416 3899; x_wconf 90' lang='lat' dir='ltr'>quaomnia,</span> <span class='ocrx_word' id='word_1_237' title='bbox 444 3815 607 3880; x_wconf 84' lang='lat' dir='ltr'>rarissime</span> <span class='ocrx_word' id='word_1_238' title='bbox 635 3819 820 3882; x_wconf 87' lang='lat' dir='ltr'>occurrunt.</span> <span class='ocrx_word' id='word_1_239' title='bbox 864 3813 981 3896; x_wconf 88' lang='lat' dir='ltr'>Itaque</span> <span class='ocrx_word' id='word_1_240' title='bbox 1012 3816 1110 3897; x_wconf 88' lang='lat' dir='ltr'>poeta</span> <span class='ocrx_word' id='word_1_241' title='bbox 1137 3807 1338 3876; x_wconf 85' lang='lat' dir='ltr'>deminutiva</span> 
     </span>
     <span class='ocr_line' id='line_1_34' title="bbox 204 3918 1340 4011; baseline -0.007 -19"><span class='ocrx_word' id='word_1_242' title='bbox 204 3948 270 3993; x_wconf 92' lang='lat' dir='ltr'>non</span> <span class='ocrx_word' id='word_1_243' title='bbox 299 3927 411 4011; x_wconf 90' lang='lat' dir='ltr'>posuit</span> <span class='ocrx_word' id='word_1_244' title='bbox 440 3927 475 3991; x_wconf 95' lang='lat' dir='ltr'>in</span> <span class='ocrx_word' id='word_1_245' title='bbox 506 3947 603 3992; x_wconf 84' lang='lat' dir='ltr'>carm.</span> <span class='ocrx_word' id='word_1_246' title='bbox 634 3931 674 3992; x_wconf 89' lang='grc'>63</span> <span class='ocrx_word' id='word_1_247' title='bbox 702 3927 767 3993; x_wconf 90' lang='lat' dir='ltr'>nisi</span> <span class='ocrx_word' id='word_1_248' title='bbox 794 3949 824 3992; x_wconf 92' lang='lat' dir='ltr'>v.</span> <span class='ocrx_word' id='word_1_249' title='bbox 848 3929 887 3990; x_wconf 89' lang='lat'>35</span> <span class='ocrx_word' id='word_1_250' title='bbox 913 3930 947 3991; x_wconf 87' lang='lat' dir='ltr'>et</span> <span class='ocrx_word' id='word_1_251' title='bbox 969 3929 1025 4007; x_wconf 85' lang='grc'>74,</span> <span class='ocrx_word' id='word_1_252' title='bbox 1060 3942 1124 4007; x_wconf 90' lang='lat' dir='ltr'>quo</span> <span class='ocrx_word' id='word_1_253' title='bbox 1155 3921 1226 3986; x_wconf 91' lang='lat' dir='ltr'>loco</span> <span class='ocrx_word' id='word_1_254' title='bbox 1260 3918 1340 3984; x_wconf 83' lang='lat' dir='ltr'>lacit</span> 
     </span>
     <span class='ocr_line' id='line_1_35' title="bbox 204 4031 1340 4123; baseline -0.011 -16"><span class='ocrx_word' id='word_1_255' title='bbox 204 4042 439 4120; x_wconf 87' lang='lat' dir='ltr'>narrationem,</span> <span class='ocrx_word' id='word_1_256' title='bbox 462 4061 621 4123; x_wconf 86' lang='lat' dir='ltr'>nusquam</span> <span class='ocrx_word' id='word_1_257' title='bbox 643 4047 772 4123; x_wconf 87' lang='lat' dir='ltr'>autem,</span> <span class='ocrx_word' id='word_1_258' title='bbox 793 4037 849 4106; x_wconf 91' lang='lat' dir='ltr'>ubi</span> <span class='ocrx_word' id='word_1_259' title='bbox 871 4038 960 4105; x_wconf 83' lang='lat' dir='ltr'>Attis</span> <span class='ocrx_word' id='word_1_260' title='bbox 983 4042 1040 4111; x_wconf 85' lang='lat' dir='ltr'>aut</span> <span class='ocrx_word' id='word_1_261' title='bbox 1063 4033 1181 4120; x_wconf 85' lang='lat' dir='ltr'>Cybele</span> <span class='ocrx_word' id='word_1_262' title='bbox 1203 4031 1340 4117; x_wconf 90' lang='lat' dir='ltr'>loquun-</span> 
     </span>
    </p>
   </div>
   <div class='ocr_carea' id='block_1_8' title="bbox 208 4201 412 4209">
    <p class='ocr_par' dir='ltr' id='par_1_10' title="bbox 208 4201 412 4209">
     <span class='ocr_line' id='line_1_36' title="bbox 208 4201 412 4209; baseline 0 -1"><span class='ocrx_word' id='word_1_263' title='bbox 208 4201 366 4209; x_wconf 57' lang='lat'>-0-0-</span> <span class='ocrx_word' id='word_1_264' title='bbox 370 4202 412 4208; x_wconf 48' lang='lat' dir='ltr'>...a</span> 
     </span>
    </p>
   </div>
   <div class='ocr_carea' id='block_1_9' title="bbox 314 4273 1359 4410">
    <p class='ocr_par' dir='ltr' id='par_1_11' title="bbox 314 4273 1359 4410">
     <span class='ocr_line' id='line_1_37' title="bbox 314 4273 1359 4410; baseline -0.007 -71"><span class='ocrx_word' id='word_1_265' title='bbox 314 4286 346 4354; x_wconf 79' lang='lat'>¹³)</span> <span class='ocrx_word' id='word_1_266' title='bbox 364 4285 462 4354; x_wconf 86' lang='lat' dir='ltr'>Ioseph</span> <span class='ocrx_word' id='word_1_267' title='bbox 474 4283 551 4352; x_wconf 88' lang='lat' dir='ltr'>Pohl,</span> <span class='ocrx_word' id='word_1_268' title='bbox 568 4283 728 4339; x_wconf 84' lang='lat' dir='ltr'>Lectionum</span> <span class='ocrx_word' id='word_1_269' title='bbox 741 4281 952 4338; x_wconf 82' lang='lat' dir='ltr'>Catulliauorum</span> <span class='ocrx_word' id='word_1_270' title='bbox 964 4279 1115 4347; x_wconf 83' lang='lat' dir='ltr'>Specimen.</span> <span class='ocrx_word' id='word_1_271' title='bbox 1133 4273 1359 4410; x_wconf 36' lang='lat' dir='ltr'>mansan-*0-</span> 
     </span>
    </p>
   </div>
   <div class='ocr_carea' id='block_1_10' title="bbox 0 0 1525 4740">
    <p class='ocr_par' dir='ltr' id='par_1_12' title="bbox 0 0 1525 4740">
     <span class='ocr_line' id='line_1_38' title="bbox 0 0 1525 4740; baseline 0 0"><span class='ocrx_word' id='word_1_272' title='bbox 0 0 1525 4740; x_wconf 95' lang='lat' dir='ltr'> </span> 
     </span>
    </p>
   </div>
  </div>
 </body>
</html>
