2970 4740
708 175 770 240 VII

634 265 841 274 --—-—·--—

172 387 427 463 coniecturam
454 397 597 461 rectam
624 386 752 460 facere
779 383 947 460 difficile.
976 384 1048 458 Eas
1072 395 1216 459 tantum
1241 411 1301 460 res

170 518 210 590 in
234 516 400 592 medium
426 516 635 617 proferam,
671 540 780 614 quae,
813 527 1014 614 postquam
1052 514 1156 588 haud
1181 516 1301 589 breve

171 657 319 747 tempus
346 646 385 747 in
413 646 636 720 carminibus
662 644 802 720 Catulli
830 644 1051 718 evolvendis
1080 644 1303 746 consumpsi,

171 787 381 850 memoratu
408 775 501 848 mihi
529 775 665 874 dignae
693 801 774 850 esse
808 774 1045 849 videbantur.
1102 772 1142 849 si
1168 775 1207 848 in
1233 774 1304 849 hac

171 931 213 981 re
240 933 326 980 cum
353 905 443 978 viris
472 904 609 1002 doctis,
648 905 712 1004 qui
739 904 786 979 de
814 916 928 1005 poeta
955 903 1201 1005 scripserunt,
1228 931 1304 980 nou

174 1036 387 1130 consentio,
415 1061 539 1109 meam
565 1036 789 1110 sententiam
816 1060 858 1109 ea
886 1033 1073 1108 modestia
1098 1034 1303 1135 proferam,

173 1191 287 1264 quam
313 1191 406 1266 prae
434 1165 567 1241 ceteris
603 1191 688 1240 eum
724 1166 901 1240 iuvenem
929 1164 1065 1239 decere
1094 1163 1202 1263 eique
1225 1189 1305 1238 ma-

173 1295 275 1370 xime
304 1295 408 1371 cordi
436 1321 518 1370 esse
545 1296 685 1371 debere
712 1307 816 1397 puto,
845 1294 909 1394 qui
936 1293 985 1368 de
1011 1320 1117 1370 sacro
1141 1293 1307 1395 quodam

174 1426 401 1525 antiquitatis
436 1440 678 1502 monumento
713 1425 892 1500 iudicium
926 1425 1054 1499 facere
1088 1424 1159 1500 sibi
1185 1425 1309 1503 sumit.

175 1556 264 1630 Hoc
290 1556 376 1631 loco
404 1539 589 1631 lectorem
615 1581 753 1654 rogare
776 1555 903 1650 velim,
933 1566 974 1628 ut
989 1581 1073 1628 cum
1088 1554 1198 1628 venia
1211 1555 1311 1629 hunc

178 1685 354 1759 libellum
382 1686 497 1785 legat,
526 1687 557 1760 si
581 1687 788 1787 scripturae
809 1712 927 1784 genus
942 1696 1099 1785 propter
1112 1684 1311 1759 insoletam

175 1840 269 1910 rem,
298 1842 411 1915 quam
437 1816 529 1889 mihi
557 1815 828 1891 conficiendam
855 1815 1007 1916 sumpsi,
1035 1842 1112 1890 non
1134 1814 1212 1888 tale
1229 1839 1311 1890 esse
1424 1836 1428 1844 '

176 1945 329 2045 reperit,
358 1945 472 2045 quale
499 1945 656 2019 forsitan
682 1946 860 2047 postulet.

281 2074 434 2172 Libros,
464 2075 604 2175 quiex
632 2061 788 2151 numero
818 2101 975 2176 operum
1003 2075 1190 2170 virorum,
1220 2101 1312 2173 quo·

177 2232 262 2279 rum
288 2232 402 2306 supra
423 2206 654 2281 mentionem
681 2205 767 2301 feci,
796 2205 888 2278 mihi
915 2204 964 2278 ad
992 2229 1037 2280 ea
1064 2229 1161 2303 quae
1181 2204 1313 2305 scripsi

178 2334 440 2436 componenda
466 2336 632 2416 maximo
671 2334 868 2411 commodo
908 2335 1082 2430 fuerunt,
1119 2360 1195 2408 non
1223 2360 1312 2408 enu-
1445 2406 1448 2411 .

177 2490 304 2562 mero,
333 2466 421 2566 quia
448 2493 516 2541 suo
544 2466 702 2566 quisque
728 2466 814 2541 loco
844 2463 1217 2562 commemorabitur,
1244 2464 1313 2540 sed

179 2593 261 2669 hoc
276 2623 393 2671 unum
420 2623 577 2693 moneo,
614 2623 676 2671 me
703 2608 853 2672 veteres
880 2595 1124 2697 interpretes,
1153 2621 1313 2694 quorum

179 2725 433 2801 enarrationes
461 2727 610 2801 suntin
639 2726 821 2801 editione:

285 2870 353 2966 „O.
368 2871 515 2946 Valerii
531 2871 671 2948 Catulli
694 2912 732 2923 -
757 2898 874 2974 opera
902 2871 1026 2946 omnia
1053 2897 1151 2972 quae
1171 2882 1311 2947 extant.

309 3000 493 3078 Lutetiae.
547 3003 606 3075 Ex
648 3001 799 3078 officina
833 3001 1125 3103 Typographica
1165 2999 1314 3079 Claudii

309 3131 475 3208 Morelh'.
534 3136 645 3208 1604.

179 3261 233 3334 ita
259 3260 393 3337 citare:
420 3293 464 3304 -
490 3262 559 3337 fol.
587 3288 676 3364 pag.
704 3295 748 3306 -

285 3407 423 3481 Totum
449 3407 624 3482 libellum
649 3409 688 3482 in
716 3408 806 3483 duas
832 3421 960 3509 partes
989 3407 1126 3504 dividi,
1155 3433 1314 3508 quarum

182 3535 287 3638 prior
315 3549 372 3611 est
399 3536 448 3612 de
476 3537 726 3638 etymologia,
755 3538 876 3613 altera
904 3537 953 3612 de
980 3537 1140 3639 syntaxi.
1190 3537 1314 3613 Pluri-

181 3692 261 3741 mas
287 3692 348 3740 ros
376 3666 511 3768 prioris
538 3669 656 3768 partis
681 3668 758 3742 iam
773 3667 966 3743 Heussner
994 3668 1022 3746 1.
1050 3668 1090 3766 L,
1117 3680 1160 3743 ut
1182 3680 1316 3769 postea

81 3829 86 3836 ·
182 3795 279 3893 vidi,
319 3777 514 3894 tractavit,
556 3824 630 3897 qua
666 3797 714 3873 de
751 3824 862 3874 causa
897 3823 946 3874 ex
980 3823 1067 3874 meo
1105 3823 1222 3900 opere
1253 3824 1315 3874 eas

182 3939 328 4000 tantum
360 3926 460 4028 typis
496 3926 760 4004 describendas
802 3928 952 4024 curavi,
992 3927 1040 4003 de
1077 3929 1211 4027 quibus
1246 3928 1316 4004 ille

183 4056 244 4130 vir
271 4054 402 4132 doctus
429 4068 493 4132 aut
520 4058 670 4134 omnino
696 4084 773 4133 non
798 4071 863 4133 aut
895 4057 1016 4136 minus
1044 4070 1218 4135 accurate
1243 4057 1316 4132 dis-

183 4186 311 4264 seruit.
