2970 4740
339 547 382 557 -
406 507 488 587 „Ubi
511 493 573 573 iste
595 514 671 593 post
692 507 844 591 phaselus
868 513 965 572 autea
988 507 1051 572 fuit

426 619 562 686 Comata
585 621 703 686 silva:“
727 659 769 667 —

135 752 163 794 v.
190 735 330 795 14--r-l5:

314 881 349 891 -
378 843 469 921 „Tibi
492 844 572 909 haec
594 845 694 907 fnisse
718 850 751 908 et
774 865 843 908 esse
867 842 1087 925 cognitissima

398 956 451 1019 Ait
475 955 661 1038 phaselus:“
685 993 727 1002 -
989 937 992 942 ¹

238 1065 362 1131 Nomen
391 1067 629 1132 substantivum
661 1060 853 1150 „phaselns“
887 1072 919 1131 et
948 1088 1065 1150 genere
1092 1067 1271 1132 masculino

134 1181 168 1241 et
198 1199 315 1260 genere
338 1179 492 1247 feminino
515 1184 640 1244 veteres
664 1181 839 1262 scriptores
863 1178 1051 1262 proferunt,
1085 1179 1209 1243 utiam
1233 1200 1273 1243 ex

133 1289 195 1353 hoc
229 1289 349 1355 Catulli
388 1291 529 1354 carmine
569 1291 735 1373 sequitur,
776 1291 810 1353 in
847 1310 910 1372 quo
955 1297 1128 1372 utrumque
1170 1311 1271 1372 genus

134 1401 330 1488 praebet.²³)
377 1402 452 1467 Sine
480 1401 577 1467 dubio
601 1410 709 1467 autem
732 1401 911 1466 notandum
932 1401 1011 1465 mihi
1040 1423 1110 1465 esse
1134 1400 1271 1481 videtur,

135 1534 205 1577 eum
219 1514 330 1579 eodem
344 1515 474 1578 nomine
487 1515 626 1597 primum
642 1535 759 1598 genere
772 1513 960 1593 masculino,
975 1512 1090 1577 deinde
1102 1534 1130 1577 v.
1147 1517 1271 1577 14-15

64 1659 65 1663 ¹
133 1647 249 1708 genere
279 1626 432 1692 feminino
462 1628 496 1692 in
526 1626 637 1693 eodem
670 1627 812 1692 carmine
844 1627 902 1690 uti.
948 1628 1102 1691 Attamen
1135 1626 1272 1699 similem

133 1739 288 1822 loquendi
310 1739 476 1803 licentiam
498 1761 608 1804 amare
631 1740 775 1819 videtur,
806 1760 882 1802 nam
904 1737 990 1802 idem
1013 1737 1150 1808 vidimus
1173 1745 1271 1803 carm.

134 1851 203 1930 t'8b,
227 1856 267 1915 90
290 1856 322 1917 et
345 1873 372 1914 v.
397 1856 437 1917 98
460 1851 495 1915 in
510 1873 571 1916 usu
586 1852 724 1917 nominis
742 1852 873 1933 „cinis‘t
909 1851 1028 1916 Utrum
1043 1856 1152 1916 autem
1171 1871 1272 1935 genus

19 1956 22 1963 ’
132 1963 350 2028 masculinum
382 1984 425 2027 an
453 1984 553 2045 genus
581 1963 771 2028 femininum
798 1964 887 2046 apud
916 1964 1091 2046 scriptores
1113 1962 1276 2029 Romanos

132 2075 176 2138 sit
200 2075 364 2155 usitatius,
389 2075 571 2140 diiudicare
594 2098 658 2141 non
678 2097 818 2160 possum,
842 2097 917 2140 nam
933 2081 1084 2140 auctores
1101 2076 1181 2139 certi
1198 2074 1277 2139 mihi

133 2185 260 2253 desunt.
306 2188 466 2253 Antonius
493 2188 688 2254 Parthenius
712 2187 766 2252 fol.
790 2208 866 2271 pag.
894 2192 933 2250 14
955 2193 1067 2270 partes
1091 2207 1202 2251 eorum
1226 2207 1276 2250 se-

104 2335 105 2338 =
133 2300 255 2382 quitur,
279 2300 335 2384 qui
358 2322 460 2383 genus
482 2301 698 2366 masculinum
722 2300 874 2366 usitatius
894 2320 964 2365 esse
979 2300 1112 2366 dicunt:
1137 2297 1272 2379 „melius

133 2411 310 2477 masculino
339 2433 455 2496 genere
485 2434 584 2497 quam
611 2413 815 2477 foeminino.“
861 2411 1027 2489 Palladius
1056 2413 1180 2477 Fuscus
1210 2411 1265 2478 iol.

133 2545 206 2609 pag.
233 2530 271 2589 15
295 2524 392 2590 dicit:
417 2525 603 2610 „phasellus
626 2526 768 2608 antiquis
779 2531 849 2589 erat
872 2546 972 2608 genus
995 2523 1118 2607 nauigij
1137 2524 1223 2606 quod
1238 2525 1272 2587 in

133 2644 271 2722 utroque
299 2658 415 2721 genere
437 2639 616 2718 inuenitur,
644 2637 844 2720 frequentius
866 2643 976 2702 tamen
998 2636 1033 2700 in
1056 2637 1270 2715 masculino“;

134 2757 166 2815 et
202 2751 349 2816 Muretus
379 2750 434 2816 fol.
466 2773 540 2835 pag.
580 2756 636 2814 17:
676 2748 816 2830 „dieitur
847 2755 879 2814 et
911 2749 1084 2815 feminineo
1119 2753 1271 2833 genere“;

137 2869 306 2929 auctorem
330 2864 479 2949 appellat,
499 2863 661 2930 Ovidium.

500 3158 911 3168 w·-

579 3415 730 3525 Gaput
762 3367 822 3498 11.
890 3521 895 3528 g

232 3633 302 3685 De
321 3633 624 3686 declinatione
643 3633 939 3696 substantivi,
957 3628 1176 3685 adieetivi

472 3728 760 3794 pronominis,
778 3729 926 3782 verbi.

243 3855 268 3914 1.
292 3849 363 3914 Hoc
403 3850 510 3932 capite
547 3849 586 3913 de
617 3848 833 3914 declinatione
862 3848 1075 3932 substantivi,
1110 3852 1272 3934 adiectivi,

134 3961 348 4045 pronominis,
380 3960 469 4025 verbi
498 3961 658 4027 disserens
687 3960 727 4026 de
754 3963 794 4026 iis
822 3967 950 4028 tantum
981 3964 1061 4029 locis
1089 3965 1272 4050 disputabo,

173 4283 206 4319 Ι
239 4224 273 4288 ²³)
291 4218 382 4286 Neue,
393 4218 504 4275 anlhr
531 4223 555 4276 tl.
573 4223 619 4277 lat.
637 4223 695 4291 Spr.
714 4223 742 4286 1.,
762 4237 823 4290 pag.
841 4223 899 4275 679.
