<?xml version="1.0" encoding="UTF-8"?>
<!DOCTYPE html PUBLIC "-//W3C//DTD XHTML 1.0 Transitional//EN"
    "http://www.w3.org/TR/xhtml1/DTD/xhtml1-transitional.dtd">
<html xmlns="http://www.w3.org/1999/xhtml" xml:lang="en" lang="en">
 <head>
  <title>
</title>
<meta http-equiv="Content-Type" content="text/html;charset=utf-8" />
  <meta name='ocr-system' content='tesseract 3.04.00' />
  <meta name='ocr-capabilities' content='ocr_page ocr_carea ocr_par ocr_line ocrx_word'/>
</head>
<body>
  <div class='ocr_page' id='page_1' title='image "./degeneredicendi00hupegoog_0030.png"; bbox 0 0 2970 4740; ppageno 0'>
   <div class='ocr_carea' id='block_1_1' title="bbox 721 236 755 293">
    <p class='ocr_par' dir='ltr' id='par_1_1' title="bbox 721 236 755 293">
     <span class='ocr_line' id='line_1_1' title="bbox 721 236 755 293; baseline 0 0"><span class='ocrx_word' id='word_1_1' title='bbox 721 236 755 293; x_wconf 94' lang='lat' dir='ltr'>ll</span> 
     </span>
    </p>
   </div>
   <div class='ocr_carea' id='block_1_2' title="bbox 633 321 838 330">
    <p class='ocr_par' dir='ltr' id='par_1_2' title="bbox 633 321 838 330">
     <span class='ocr_line' id='line_1_2' title="bbox 633 321 838 330; baseline -0.01 0"><span class='ocrx_word' id='word_1_2' title='bbox 633 321 838 330; x_wconf 73' lang='lat'>——-——</span> 
     </span>
    </p>
   </div>
   <div class='ocr_carea' id='block_1_3' title="bbox 170 435 1310 1396">
    <p class='ocr_par' dir='ltr' id='par_1_3' title="bbox 170 435 1310 1189">
     <span class='ocr_line' id='line_1_3' title="bbox 170 435 1310 517; baseline -0.002 -14"><span class='ocrx_word' id='word_1_3' title='bbox 170 438 247 504; x_wconf 86' lang='lat' dir='ltr'>liter</span> <span class='ocrx_word' id='word_1_4' title='bbox 276 437 386 517; x_wconf 86' lang='lat' dir='ltr'>dieas,</span> <span class='ocrx_word' id='word_1_5' title='bbox 416 437 501 503; x_wconf 87' lang='lat' dir='ltr'>siout</span> <span class='ocrx_word' id='word_1_6' title='bbox 524 437 654 502; x_wconf 86' lang='lat' dir='ltr'>Asinius</span> <span class='ocrx_word' id='word_1_7' title='bbox 686 438 719 501; x_wconf 92' lang='lat' dir='ltr'>in</span> <span class='ocrx_word' id='word_1_8' title='bbox 742 436 925 516; x_wconf 85' lang='lat' dir='ltr'>Valerium,</span> <span class='ocrx_word' id='word_1_9' title='bbox 956 457 1004 501; x_wconf 86' lang='lat' dir='ltr'>wo</span> <span class='ocrx_word' id='word_1_10' title='bbox 1028 435 1191 500; x_wconf 89' lang='lat' dir='ltr'>Catullum</span> <span class='ocrx_word' id='word_1_11' title='bbox 1219 436 1310 501; x_wconf 88' lang='lat' dir='ltr'>nieht</span> 
     </span>
     <span class='ocr_line' id='line_1_4' title="bbox 172 547 1310 631; baseline -0.002 -17"><span class='ocrx_word' id='word_1_12' title='bbox 172 550 279 615; x_wconf 87' lang='lat' dir='ltr'>fehleu</span> <span class='ocrx_word' id='word_1_13' title='bbox 307 549 433 631; x_wconf 86' lang='lat' dir='ltr'>durfte,</span> <span class='ocrx_word' id='word_1_14' title='bbox 468 550 526 615; x_wconf 87' lang='lat' dir='ltr'>das</span> <span class='ocrx_word' id='word_1_15' title='bbox 556 551 654 615; x_wconf 81' lang='lat' dir='ltr'>letzte</span> <span class='ocrx_word' id='word_1_16' title='bbox 685 549 779 615; x_wconf 89' lang='lat' dir='ltr'>Wort</span> <span class='ocrx_word' id='word_1_17' title='bbox 810 549 889 614; x_wconf 90' lang='lat' dir='ltr'>aber</span> <span class='ocrx_word' id='word_1_18' title='bbox 916 548 1139 613; x_wconf 84' lang='lat' dir='ltr'>verstiimmelt</span> <span class='ocrx_word' id='word_1_19' title='bbox 1169 548 1214 612; x_wconf 88' lang='lat' dir='ltr'>ist</span> <span class='ocrx_word' id='word_1_20' title='bbox 1243 547 1310 612; x_wconf 93' lang='lat' dir='ltr'>und</span> 
     </span>
     <span class='ocr_line' id='line_1_5' title="bbox 172 659 1309 744; baseline 0 -19"><span class='ocrx_word' id='word_1_21' title='bbox 172 662 254 726; x_wconf 87' lang='lat' dir='ltr'>auch</span> <span class='ocrx_word' id='word_1_22' title='bbox 276 662 322 726; x_wconf 90' lang='lat' dir='ltr'>im</span> <span class='ocrx_word' id='word_1_23' title='bbox 337 662 498 742; x_wconf 86' lang='lat' dir='ltr'>weiteren,</span> <span class='ocrx_word' id='word_1_24' title='bbox 519 667 665 727; x_wconf 80' lang='lat' dir='ltr'><strong>attamen</strong></span> <span class='ocrx_word' id='word_1_25' title='bbox 681 662 760 726; x_wconf 86' lang='lat' dir='ltr'>haee</span> <span class='ocrx_word' id='word_1_26' title='bbox 777 661 952 744; x_wconf 78' lang='lat' dir='ltr'>pugillaria</span> <span class='ocrx_word' id='word_1_27' title='bbox 969 661 1096 743; x_wconf 89' lang='lat' dir='ltr'>saepius</span> <span class='ocrx_word' id='word_1_28' title='bbox 1115 659 1309 725; x_wconf 78' lang='lat' dir='ltr'>neutraliter</span> 
     </span>
     <span class='ocr_line' id='line_1_6' title="bbox 172 772 1308 855; baseline 0 -18"><span class='ocrx_word' id='word_1_29' title='bbox 172 772 252 837; x_wconf 86' lang='lat' dir='ltr'>dicit</span> <span class='ocrx_word' id='word_1_30' title='bbox 273 772 360 838; x_wconf 90' lang='lat' dir='ltr'>idem</span> <span class='ocrx_word' id='word_1_31' title='bbox 377 773 534 853; x_wconf 76' lang='lat' dir='ltr'>Catullus,</span> <span class='ocrx_word' id='word_1_32' title='bbox 559 772 643 838; x_wconf 85' lang='lat' dir='ltr'>nauh</span> <span class='ocrx_word' id='word_1_33' title='bbox 664 773 749 838; x_wconf 87' lang='lat' dir='ltr'>idem</span> <span class='ocrx_word' id='word_1_34' title='bbox 774 779 872 838; x_wconf 83' lang='lat' dir='ltr'>etwas</span> <span class='ocrx_word' id='word_1_35' title='bbox 895 772 1095 855; x_wconf 85' lang='lat' dir='ltr'>ausgesallen</span> <span class='ocrx_word' id='word_1_36' title='bbox 1119 772 1187 836; x_wconf 90' lang='lat' dir='ltr'>sein</span> <span class='ocrx_word' id='word_1_37' title='bbox 1208 791 1308 853; x_wconf 81' lang='lat' dir='ltr'>musa,</span> 
     </span>
     <span class='ocr_line' id='line_1_7' title="bbox 172 883 1310 966; baseline 0.001 -17"><span class='ocrx_word' id='word_1_38' title='bbox 172 885 249 950; x_wconf 89' lang='lat' dir='ltr'>dars</span> <span class='ocrx_word' id='word_1_39' title='bbox 267 907 343 950; x_wconf 84' lang='lat' dir='ltr'>man</span> <span class='ocrx_word' id='word_1_40' title='bbox 366 908 427 950; x_wconf 92' lang='lat' dir='ltr'>nur</span> <span class='ocrx_word' id='word_1_41' title='bbox 450 886 519 951; x_wconf 90' lang='lat' dir='ltr'>eine</span> <span class='ocrx_word' id='word_1_42' title='bbox 543 885 631 950; x_wconf 88' lang='lat' dir='ltr'>Rede</span> <span class='ocrx_word' id='word_1_43' title='bbox 648 885 769 950; x_wconf 88' lang='lat' dir='ltr'>Pollios</span> <span class='ocrx_word' id='word_1_44' title='bbox 793 884 965 963; x_wconf 86' lang='lat' dir='ltr'>erkennen,</span> <span class='ocrx_word' id='word_1_45' title='bbox 988 885 1089 948; x_wconf 84' lang='lat' dir='ltr'>worin</span> <span class='ocrx_word' id='word_1_46' title='bbox 1108 883 1199 966; x_wconf 88' lang='lat' dir='ltr'>jenes</span> <span class='ocrx_word' id='word_1_47' title='bbox 1216 883 1310 950; x_wconf 89' lang='lat' dir='ltr'>Wort</span> 
     </span>
     <span class='ocr_line' id='line_1_8' title="bbox 170 995 523 1080; baseline 0.006 -20"><span class='ocrx_word' id='word_1_48' title='bbox 170 995 279 1080; x_wconf 75' lang='lat' dir='ltr'>haufig</span> <span class='ocrx_word' id='word_1_49' title='bbox 302 997 462 1066; x_wconf 83' lang='lat' dir='ltr'>vorlram.“</span> <span class='ocrx_word' id='word_1_50' title='bbox 483 998 523 1074; x_wconf 73' lang='lat'>²¹)</span> 
     </span>
     <span class='ocr_line' id='line_1_9' title="bbox 259 1096 835 1189; baseline -0.002 -16"><span class='ocrx_word' id='word_1_51' title='bbox 259 1114 305 1173; x_wconf 83' lang='lat'>-5.</span> <span class='ocrx_word' id='word_1_52' title='bbox 352 1109 456 1175; x_wconf 85' lang='lat' dir='ltr'>Carm.</span> <span class='ocrx_word' id='word_1_53' title='bbox 482 1111 553 1189; x_wconf 68' lang='lat'>68⁸,</span> <span class='ocrx_word' id='word_1_54' title='bbox 578 1111 620 1175; x_wconf 81' lang='lat'>90</span> <span class='ocrx_word' id='word_1_55' title='bbox 643 1118 675 1174; x_wconf 89' lang='lat' dir='ltr'>et</span> <span class='ocrx_word' id='word_1_56' title='bbox 700 1111 771 1189; x_wconf 86' lang='lat'>101,</span> <span class='ocrx_word' id='word_1_57' title='bbox 796 1096 835 1173; x_wconf 69' lang='lat'>4:¹</span> 
     </span>
    </p>

    <p class='ocr_par' dir='ltr' id='par_1_4' title="bbox 218 1219 1302 1301">
     <span class='ocr_line' id='line_1_10' title="bbox 218 1219 1302 1301; baseline 0 -16"><span class='ocrx_word' id='word_1_58' title='bbox 218 1258 252 1268; x_wconf 85' lang='lat'>-</span> <span class='ocrx_word' id='word_1_59' title='bbox 283 1221 399 1300; x_wconf 86' lang='lat' dir='ltr'>,Troia</span> <span class='ocrx_word' id='word_1_60' title='bbox 421 1222 525 1287; x_wconf 89' lang='lat' dir='ltr'>virum</span> <span class='ocrx_word' id='word_1_61' title='bbox 548 1227 581 1287; x_wconf 89' lang='lat' dir='ltr'>et</span> <span class='ocrx_word' id='word_1_62' title='bbox 603 1222 759 1286; x_wconf 80' lang='lat' dir='ltr'>virtutum</span> <span class='ocrx_word' id='word_1_63' title='bbox 784 1220 926 1287; x_wconf 90' lang='lat' dir='ltr'>omnium</span> <span class='ocrx_word' id='word_1_64' title='bbox 949 1219 1067 1286; x_wconf 86' lang='lat' dir='ltr'>acerba</span> <span class='ocrx_word' id='word_1_65' title='bbox 1088 1219 1199 1301; x_wconf 87' lang='lat' dir='ltr'>einis“,</span> <span class='ocrx_word' id='word_1_66' title='bbox 1227 1259 1263 1270; x_wconf 85' lang='lat'>-</span> <span class='ocrx_word' id='word_1_67' title='bbox 1300 1235 1302 1238; x_wconf 54' lang='lat'><em>⁴</em></span> 
     </span>
    </p>

    <p class='ocr_par' dir='ltr' id='par_1_5' title="bbox 172 1338 205 1396">
     <span class='ocr_line' id='line_1_11' title="bbox 172 1338 205 1396; baseline -0.03 0"><span class='ocrx_word' id='word_1_68' title='bbox 172 1338 205 1396; x_wconf 89' lang='lat' dir='ltr'>et</span> 
     </span>
    </p>
   </div>
   <div class='ocr_carea' id='block_1_4' title="bbox 172 1445 1310 2202">
    <p class='ocr_par' dir='ltr' id='par_1_6' title="bbox 172 1445 1310 2088">
     <span class='ocr_line' id='line_1_12' title="bbox 253 1445 1234 1528; baseline 0 -20"><span class='ocrx_word' id='word_1_69' title='bbox 253 1483 297 1492; x_wconf 89' lang='lat'><em>-</em></span> <span class='ocrx_word' id='word_1_70' title='bbox 324 1445 384 1524; x_wconf 86' lang='lat' dir='ltr'>„Et</span> <span class='ocrx_word' id='word_1_71' title='bbox 407 1450 530 1510; x_wconf 87' lang='lat' dir='ltr'>mutam</span> <span class='ocrx_word' id='word_1_72' title='bbox 554 1445 769 1528; x_wconf 78' lang='lat' dir='ltr'>nequicquam</span> <span class='ocrx_word' id='word_1_73' title='bbox 792 1445 975 1528; x_wconf 87' lang='lat' dir='ltr'>alloquerer</span> <span class='ocrx_word' id='word_1_74' title='bbox 998 1445 1168 1524; x_wconf 80' lang='lat' dir='ltr'>einerem“,</span> <span class='ocrx_word' id='word_1_75' title='bbox 1191 1483 1234 1492; x_wconf 88' lang='lat'>—</span> 
     </span>
     <span class='ocr_line' id='line_1_13' title="bbox 187 1556 1310 1640; baseline -0.001 -18"><span class='ocrx_word' id='word_1_76' title='bbox 187 1588 190 1597; x_wconf 90' lang='grc'><em>·</em></span> <span class='ocrx_word' id='word_1_77' title='bbox 275 1556 441 1622; x_wconf 86' lang='lat' dir='ltr'>Usitatum</span> <span class='ocrx_word' id='word_1_78' title='bbox 464 1578 565 1640; x_wconf 90' lang='lat' dir='ltr'>genus</span> <span class='ocrx_word' id='word_1_79' title='bbox 588 1557 726 1622; x_wconf 89' lang='lat' dir='ltr'>nominis</span> <span class='ocrx_word' id='word_1_80' title='bbox 749 1556 943 1622; x_wconf 82' lang='lat' dir='ltr'>substantivi</span> <span class='ocrx_word' id='word_1_81' title='bbox 970 1557 1084 1637; x_wconf 82' lang='lat' dir='ltr'>„oinis“</span> <span class='ocrx_word' id='word_1_82' title='bbox 1111 1562 1161 1621; x_wconf 90' lang='lat' dir='ltr'>est</span> <span class='ocrx_word' id='word_1_83' title='bbox 1183 1579 1310 1622; x_wconf 86' lang='lat' dir='ltr'>maseu-</span> 
     </span>
     <span class='ocr_line' id='line_1_14' title="bbox 172 1668 1309 1757; baseline 0.002 -25"><span class='ocrx_word' id='word_1_84' title='bbox 172 1669 274 1733; x_wconf 90' lang='lat' dir='ltr'>liuum</span> <span class='ocrx_word' id='word_1_85' title='bbox 298 1675 330 1732; x_wconf 86' lang='lat' dir='ltr'>et</span> <span class='ocrx_word' id='word_1_86' title='bbox 353 1690 427 1733; x_wconf 89' lang='lat' dir='ltr'>raro</span> <span class='ocrx_word' id='word_1_87' title='bbox 451 1689 551 1750; x_wconf 86' lang='lat' dir='ltr'>genus</span> <span class='ocrx_word' id='word_1_88' title='bbox 574 1668 762 1733; x_wconf 78' lang='lat' dir='ltr'>femininum</span> <span class='ocrx_word' id='word_1_89' title='bbox 785 1671 819 1732; x_wconf 91' lang='lat' dir='ltr'>in</span> <span class='ocrx_word' id='word_1_90' title='bbox 842 1691 903 1732; x_wconf 93' lang='lat' dir='ltr'>usu</span> <span class='ocrx_word' id='word_1_91' title='bbox 919 1668 1127 1755; x_wconf 75' lang='lat' dir='ltr'>versatrrr.²²)</span> <span class='ocrx_word' id='word_1_92' title='bbox 1162 1669 1309 1757; x_wconf 84' lang='lat' dir='ltr'>Catullus</span> 
     </span>
     <span class='ocr_line' id='line_1_15' title="bbox 172 1780 1309 1864; baseline -0.002 -18"><span class='ocrx_word' id='word_1_93' title='bbox 172 1786 282 1846; x_wconf 90' lang='lat' dir='ltr'>autem</span> <span class='ocrx_word' id='word_1_94' title='bbox 306 1780 432 1846; x_wconf 88' lang='lat' dir='ltr'>duobus</span> <span class='ocrx_word' id='word_1_95' title='bbox 456 1780 535 1845; x_wconf 88' lang='lat' dir='ltr'>loeis</span> <span class='ocrx_word' id='word_1_96' title='bbox 560 1782 669 1846; x_wconf 84' lang='lat' dir='ltr'>citatis</span> <span class='ocrx_word' id='word_1_97' title='bbox 693 1802 752 1864; x_wconf 92' lang='lat' dir='ltr'>pro</span> <span class='ocrx_word' id='word_1_98' title='bbox 775 1801 891 1864; x_wconf 83' lang='lat' dir='ltr'>genere</span> <span class='ocrx_word' id='word_1_99' title='bbox 909 1781 1088 1846; x_wconf 82' lang='lat' dir='ltr'>masculino</span> <span class='ocrx_word' id='word_1_100' title='bbox 1105 1802 1205 1863; x_wconf 84' lang='lat' dir='ltr'>genus</span> <span class='ocrx_word' id='word_1_101' title='bbox 1219 1780 1309 1845; x_wconf 88' lang='lat' dir='ltr'>ferni-</span> 
     </span>
     <span class='ocr_line' id='line_1_16' title="bbox 172 1892 1310 1978; baseline 0 -22"><span class='ocrx_word' id='word_1_102' title='bbox 172 1893 283 1957; x_wconf 90' lang='lat' dir='ltr'>ninum</span> <span class='ocrx_word' id='word_1_103' title='bbox 307 1893 452 1976; x_wconf 77' lang='lat' dir='ltr'>scripsit3</span> <span class='ocrx_word' id='word_1_104' title='bbox 477 1892 574 1956; x_wconf 87' lang='lat' dir='ltr'>semel</span> <span class='ocrx_word' id='word_1_105' title='bbox 597 1893 727 1976; x_wconf 89' lang='lat' dir='ltr'>quidem</span> <span class='ocrx_word' id='word_1_106' title='bbox 751 1892 848 1957; x_wconf 90' lang='lat' dir='ltr'>etiam</span> <span class='ocrx_word' id='word_1_107' title='bbox 871 1914 972 1975; x_wconf 87' lang='lat' dir='ltr'>genus</span> <span class='ocrx_word' id='word_1_108' title='bbox 989 1894 1206 1958; x_wconf 82' lang='lat' dir='ltr'>masculinum</span> <span class='ocrx_word' id='word_1_109' title='bbox 1222 1892 1310 1978; x_wconf 87' lang='lat' dir='ltr'>apud</span> 
     </span>
     <span class='ocr_line' id='line_1_17' title="bbox 172 2005 748 2088; baseline -0.002 -18"><span class='ocrx_word' id='word_1_110' title='bbox 172 2027 244 2070; x_wconf 90' lang='lat' dir='ltr'>eum</span> <span class='ocrx_word' id='word_1_111' title='bbox 266 2005 445 2088; x_wconf 90' lang='lat' dir='ltr'>reperimus</span> <span class='ocrx_word' id='word_1_112' title='bbox 469 2025 566 2072; x_wconf 81' lang='lat' dir='ltr'>earm.</span> <span class='ocrx_word' id='word_1_113' title='bbox 590 2007 632 2070; x_wconf 88' lang='lat'>68</span> <span class='ocrx_word' id='word_1_114' title='bbox 642 2006 665 2086; x_wconf 67' lang='lat'>³³,</span> <span class='ocrx_word' id='word_1_115' title='bbox 689 2011 748 2070; x_wconf 84' lang='lat'>98:</span> 
     </span>
    </p>

    <p class='ocr_par' dir='ltr' id='par_1_7' title="bbox 272 2109 1214 2202">
     <span class='ocr_line' id='line_1_18' title="bbox 272 2109 1214 2202; baseline 0.002 -22"><span class='ocrx_word' id='word_1_116' title='bbox 272 2155 315 2164; x_wconf 69' lang='lat'>„-</span> <span class='ocrx_word' id='word_1_117' title='bbox 343 2116 428 2198; x_wconf 87' lang='lat' dir='ltr'>„Neo</span> <span class='ocrx_word' id='word_1_118' title='bbox 450 2137 551 2201; x_wconf 85' lang='lat' dir='ltr'>prope</span> <span class='ocrx_word' id='word_1_119' title='bbox 575 2109 732 2201; x_wconf 83' lang='lat' dir='ltr'>cognatos</span> <span class='ocrx_word' id='word_1_120' title='bbox 756 2119 968 2202; x_wconf 82' lang='lat' dir='ltr'>compositum</span> <span class='ocrx_word' id='word_1_121' title='bbox 992 2119 1147 2199; x_wconf 82' lang='lat' dir='ltr'>oineres“,</span> <span class='ocrx_word' id='word_1_122' title='bbox 1170 2156 1214 2165; x_wconf 95' lang='lat'>—</span> 
     </span>
    </p>
   </div>
   <div class='ocr_carea' id='block_1_5' title="bbox 158 2227 1309 3887">
    <p class='ocr_par' dir='ltr' id='par_1_8' title="bbox 158 2227 1309 3212">
     <span class='ocr_line' id='line_1_19' title="bbox 274 2227 1309 2314; baseline -0.003 -19"><span class='ocrx_word' id='word_1_123' title='bbox 274 2231 389 2313; x_wconf 83' lang='lat' dir='ltr'>ltaque</span> <span class='ocrx_word' id='word_1_124' title='bbox 418 2252 457 2294; x_wconf 87' lang='lat' dir='ltr'>ex</span> <span class='ocrx_word' id='word_1_125' title='bbox 483 2229 560 2310; x_wconf 88' lang='lat' dir='ltr'>hoo,</span> <span class='ocrx_word' id='word_1_126' title='bbox 595 2231 681 2314; x_wconf 92' lang='lat' dir='ltr'>quod</span> <span class='ocrx_word' id='word_1_127' title='bbox 712 2230 860 2296; x_wconf 87' lang='lat' dir='ltr'>Catullus</span> <span class='ocrx_word' id='word_1_128' title='bbox 888 2231 1015 2295; x_wconf 91' lang='lat' dir='ltr'>nomine</span> <span class='ocrx_word' id='word_1_129' title='bbox 1051 2229 1166 2311; x_wconf 87' lang='lat' dir='ltr'>„oinis“</span> <span class='ocrx_word' id='word_1_130' title='bbox 1203 2227 1309 2294; x_wconf 90' lang='lat' dir='ltr'>tribus</span> 
     </span>
     <span class='ocr_line' id='line_1_20' title="bbox 171 2341 1309 2427; baseline -0.003 -19"><span class='ocrx_word' id='word_1_131' title='bbox 171 2348 299 2408; x_wconf 89' lang='lat' dir='ltr'>tantum</span> <span class='ocrx_word' id='word_1_132' title='bbox 321 2341 387 2406; x_wconf 92' lang='lat' dir='ltr'>illis</span> <span class='ocrx_word' id='word_1_133' title='bbox 408 2342 488 2406; x_wconf 88' lang='lat' dir='ltr'>loeis</span> <span class='ocrx_word' id='word_1_134' title='bbox 503 2362 541 2406; x_wconf 85' lang='lat' dir='ltr'>ae</span> <span class='ocrx_word' id='word_1_135' title='bbox 557 2342 688 2426; x_wconf 87' lang='lat' dir='ltr'>quidem</span> <span class='ocrx_word' id='word_1_136' title='bbox 698 2343 749 2408; x_wconf 88' lang='lat' dir='ltr'>bis</span> <span class='ocrx_word' id='word_1_137' title='bbox 765 2364 881 2427; x_wconf 90' lang='lat' dir='ltr'>genere</span> <span class='ocrx_word' id='word_1_138' title='bbox 897 2343 1061 2424; x_wconf 87' lang='lat' dir='ltr'>feminino,</span> <span class='ocrx_word' id='word_1_139' title='bbox 1078 2342 1178 2407; x_wconf 89' lang='lat' dir='ltr'>semel</span> <span class='ocrx_word' id='word_1_140' title='bbox 1193 2362 1309 2424; x_wconf 83' lang='lat' dir='ltr'>genere</span> 
     </span>
     <span class='ocr_line' id='line_1_21' title="bbox 170 2454 1309 2540; baseline 0 -22"><span class='ocrx_word' id='word_1_141' title='bbox 170 2455 348 2520; x_wconf 83' lang='lat' dir='ltr'>masculino</span> <span class='ocrx_word' id='word_1_142' title='bbox 371 2455 478 2538; x_wconf 84' lang='lat' dir='ltr'>ponit,</span> <span class='ocrx_word' id='word_1_143' title='bbox 503 2475 575 2519; x_wconf 91' lang='lat' dir='ltr'>eum</span> <span class='ocrx_word' id='word_1_144' title='bbox 598 2454 679 2519; x_wconf 90' lang='lat' dir='ltr'>illud</span> <span class='ocrx_word' id='word_1_145' title='bbox 702 2476 801 2538; x_wconf 89' lang='lat' dir='ltr'>genus</span> <span class='ocrx_word' id='word_1_146' title='bbox 824 2455 989 2540; x_wconf 88' lang='lat' dir='ltr'>praeferre</span> <span class='ocrx_word' id='word_1_147' title='bbox 1013 2455 1139 2539; x_wconf 84' lang='lat' dir='ltr'>colligo.</span> <span class='ocrx_word' id='word_1_148' title='bbox 1185 2454 1309 2519; x_wconf 90' lang='lat' dir='ltr'>Nomen</span> 
     </span>
     <span class='ocr_line' id='line_1_22' title="bbox 172 2566 1308 2652; baseline 0 -23"><span class='ocrx_word' id='word_1_149' title='bbox 172 2571 282 2631; x_wconf 88' lang='lat' dir='ltr'>autem</span> <span class='ocrx_word' id='word_1_150' title='bbox 317 2567 433 2646; x_wconf 87' lang='lat' dir='ltr'>„oiuis“</span> <span class='ocrx_word' id='word_1_151' title='bbox 470 2573 504 2633; x_wconf 91' lang='lat' dir='ltr'>et</span> <span class='ocrx_word' id='word_1_152' title='bbox 535 2589 651 2651; x_wconf 86' lang='lat' dir='ltr'>genere</span> <span class='ocrx_word' id='word_1_153' title='bbox 677 2570 858 2634; x_wconf 81' lang='lat' dir='ltr'>masculino</span> <span class='ocrx_word' id='word_1_154' title='bbox 887 2575 920 2635; x_wconf 87' lang='lat' dir='ltr'>et</span> <span class='ocrx_word' id='word_1_155' title='bbox 949 2590 1065 2652; x_wconf 90' lang='lat' dir='ltr'>genere</span> <span class='ocrx_word' id='word_1_156' title='bbox 1095 2566 1248 2631; x_wconf 88' lang='lat' dir='ltr'>feminino</span> <span class='ocrx_word' id='word_1_157' title='bbox 1275 2567 1308 2630; x_wconf 92' lang='lat' dir='ltr'>in</span> 
     </span>
     <span class='ocr_line' id='line_1_23' title="bbox 158 2675 1308 2763; baseline -0.002 -19"><span class='ocrx_word' id='word_1_158' title='bbox 158 2675 233 2744; x_wconf 83' lang='lat' dir='ltr'>¹usu</span> <span class='ocrx_word' id='word_1_159' title='bbox 256 2699 326 2744; x_wconf 88' lang='lat' dir='ltr'>esse</span> <span class='ocrx_word' id='word_1_160' title='bbox 348 2680 414 2744; x_wconf 90' lang='lat' dir='ltr'>iam</span> <span class='ocrx_word' id='word_1_161' title='bbox 436 2680 559 2745; x_wconf 82' lang='lat' dir='ltr'>indicat</span> <span class='ocrx_word' id='word_1_162' title='bbox 582 2683 739 2746; x_wconf 85' lang='lat' dir='ltr'>Antonius</span> <span class='ocrx_word' id='word_1_163' title='bbox 761 2682 970 2759; x_wconf 87' lang='lat' dir='ltr'>Parthenius,</span> <span class='ocrx_word' id='word_1_164' title='bbox 994 2681 1050 2763; x_wconf 91' lang='lat' dir='ltr'>qui</span> <span class='ocrx_word' id='word_1_165' title='bbox 1072 2679 1127 2747; x_wconf 82' lang='lat' dir='ltr'>iol.</span> <span class='ocrx_word' id='word_1_166' title='bbox 1148 2692 1221 2762; x_wconf 79' lang='lat' dir='ltr'>pag.</span> <span class='ocrx_word' id='word_1_167' title='bbox 1246 2680 1308 2743; x_wconf 84' lang='lat'>318</span> 
     </span>
     <span class='ocr_line' id='line_1_24' title="bbox 172 2789 1308 2877; baseline 0.002 -23"><span class='ocrx_word' id='word_1_168' title='bbox 172 2789 267 2855; x_wconf 82' lang='lat' dir='ltr'>dicit:</span> <span class='ocrx_word' id='word_1_169' title='bbox 296 2791 394 2871; x_wconf 86' lang='lat' dir='ltr'>„einis</span> <span class='ocrx_word' id='word_1_170' title='bbox 418 2797 527 2858; x_wconf 88' lang='lat' dir='ltr'>autem</span> <span class='ocrx_word' id='word_1_171' title='bbox 550 2793 638 2876; x_wconf 89' lang='lat' dir='ltr'>apud</span> <span class='ocrx_word' id='word_1_172' title='bbox 658 2795 809 2877; x_wconf 88' lang='lat' dir='ltr'>antiquos</span> <span class='ocrx_word' id='word_1_173' title='bbox 833 2803 866 2858; x_wconf 84' lang='lat' dir='ltr'>et</span> <span class='ocrx_word' id='word_1_174' title='bbox 889 2792 1066 2857; x_wconf 86' lang='lat' dir='ltr'>masculino</span> <span class='ocrx_word' id='word_1_175' title='bbox 1087 2798 1119 2856; x_wconf 84' lang='lat' dir='ltr'>et</span> <span class='ocrx_word' id='word_1_176' title='bbox 1135 2791 1308 2856; x_wconf 87' lang='lat' dir='ltr'>foeminino</span> 
     </span>
     <span class='ocr_line' id='line_1_25' title="bbox 172 2902 1305 2988; baseline 0 -20"><span class='ocrx_word' id='word_1_177' title='bbox 172 2924 288 2986; x_wconf 88' lang='lat' dir='ltr'>genere</span> <span class='ocrx_word' id='word_1_178' title='bbox 315 2904 462 2987; x_wconf 86' lang='lat' dir='ltr'>prolatus</span> <span class='ocrx_word' id='word_1_179' title='bbox 484 2902 555 2985; x_wconf 88' lang='lat' dir='ltr'>fuit,</span> <span class='ocrx_word' id='word_1_180' title='bbox 579 2905 667 2987; x_wconf 87' lang='lat' dir='ltr'>quod</span> <span class='ocrx_word' id='word_1_181' title='bbox 688 2905 861 2988; x_wconf 87' lang='lat' dir='ltr'>diligenter</span> <span class='ocrx_word' id='word_1_182' title='bbox 884 2903 1118 2970; x_wconf 87' lang='lat' dir='ltr'>animaduertit</span> <span class='ocrx_word' id='word_1_183' title='bbox 1140 2904 1239 2969; x_wconf 84' lang='lat' dir='ltr'>Prisc.</span> <span class='ocrx_word' id='word_1_184' title='bbox 1258 2903 1305 2968; x_wconf 85' lang='lat' dir='ltr'>uf.</span> 
     </span>
     <span class='ocr_line' id='line_1_26' title="bbox 172 3014 1305 3101; baseline -0.002 -20"><span class='ocrx_word' id='word_1_185' title='bbox 172 3014 315 3081; x_wconf 84' lang='lat' dir='ltr'>Achilles</span> <span class='ocrx_word' id='word_1_186' title='bbox 338 3017 473 3097; x_wconf 66' lang='lat' dir='ltr'>Statius</span> <span class='ocrx_word' id='word_1_187' title='bbox 497 3018 552 3100; x_wconf 92' lang='lat' dir='ltr'>qui</span> <span class='ocrx_word' id='word_1_188' title='bbox 576 3038 668 3082; x_wconf 90' lang='lat' dir='ltr'>usum</span> <span class='ocrx_word' id='word_1_189' title='bbox 691 3017 835 3082; x_wconf 85' lang='lat' dir='ltr'>feminini</span> <span class='ocrx_word' id='word_1_190' title='bbox 859 3018 985 3100; x_wconf 89' lang='lat' dir='ltr'>generis</span> <span class='ocrx_word' id='word_1_191' title='bbox 1008 3016 1097 3101; x_wconf 90' lang='lat' dir='ltr'>apud</span> <span class='ocrx_word' id='word_1_192' title='bbox 1118 3016 1305 3081; x_wconf 83' lang='lat' dir='ltr'>Lucretium</span> 
     </span>
     <span class='ocr_line' id='line_1_27' title="bbox 171 3127 563 3212; baseline 0.008 -20"><span class='ocrx_word' id='word_1_193' title='bbox 171 3127 291 3212; x_wconf 91' lang='lat' dir='ltr'>probat</span> <span class='ocrx_word' id='word_1_194' title='bbox 313 3127 367 3195; x_wconf 87' lang='lat' dir='ltr'>fol.</span> <span class='ocrx_word' id='word_1_195' title='bbox 390 3150 465 3212; x_wconf 90' lang='lat' dir='ltr'>pag.</span> <span class='ocrx_word' id='word_1_196' title='bbox 490 3130 563 3195; x_wconf 78' lang='lat'><strong>325.</strong></span> 
     </span>
    </p>

    <p class='ocr_par' dir='ltr' id='par_1_9' title="bbox 171 3241 1308 3554">
     <span class='ocr_line' id='line_1_28' title="bbox 277 3241 1307 3326; baseline 0.002 -22"><span class='ocrx_word' id='word_1_197' title='bbox 277 3241 389 3320; x_wconf 76' lang='lat' dir='ltr'>LoooS,</span> <span class='ocrx_word' id='word_1_198' title='bbox 407 3241 523 3323; x_wconf 90' lang='lat' dir='ltr'>quibus</span> <span class='ocrx_word' id='word_1_199' title='bbox 539 3243 698 3309; x_wconf 90' lang='lat' dir='ltr'>usitatum</span> <span class='ocrx_word' id='word_1_200' title='bbox 713 3265 814 3326; x_wconf 88' lang='lat' dir='ltr'>genus</span> <span class='ocrx_word' id='word_1_201' title='bbox 825 3243 1040 3308; x_wconf 84' lang='lat' dir='ltr'>masculinum</span> <span class='ocrx_word' id='word_1_202' title='bbox 1051 3242 1144 3308; x_wconf 90' lang='lat' dir='ltr'>nobis</span> <span class='ocrx_word' id='word_1_203' title='bbox 1158 3241 1307 3322; x_wconf 88' lang='lat' dir='ltr'>ooourrit,</span> 
     </span>
     <span class='ocr_line' id='line_1_29' title="bbox 171 3353 1308 3440; baseline 0.001 -23"><span class='ocrx_word' id='word_1_204' title='bbox 171 3353 231 3418; x_wconf 92' lang='lat' dir='ltr'>hos</span> <span class='ocrx_word' id='word_1_205' title='bbox 254 3353 354 3419; x_wconf 88' lang='lat' dir='ltr'>affero</span> <span class='ocrx_word' id='word_1_206' title='bbox 378 3377 395 3419; x_wconf 88' lang='lat' dir='ltr'>e</span> <span class='ocrx_word' id='word_1_207' title='bbox 419 3354 539 3419; x_wconf 88' lang='lat' dir='ltr'>Tibulli</span> <span class='ocrx_word' id='word_1_208' title='bbox 562 3363 595 3420; x_wconf 90' lang='lat' dir='ltr'>et</span> <span class='ocrx_word' id='word_1_209' title='bbox 610 3358 772 3440; x_wconf 89' lang='lat' dir='ltr'>Propertii</span> <span class='ocrx_word' id='word_1_210' title='bbox 794 3356 1005 3420; x_wconf 77' lang='lat' dir='ltr'>carminibus:</span> <span class='ocrx_word' id='word_1_211' title='bbox 1031 3354 1147 3419; x_wconf 87' lang='lat' dir='ltr'>Tibull.</span> <span class='ocrx_word' id='word_1_212' title='bbox 1165 3357 1193 3434; x_wconf 79' lang='lat'>2,</span> <span class='ocrx_word' id='word_1_213' title='bbox 1209 3363 1237 3435; x_wconf 80' lang='grc'>6,</span> <span class='ocrx_word' id='word_1_214' title='bbox 1253 3360 1308 3434; x_wconf 78' lang='lat'>343</span> 
     </span>
     <span class='ocr_line' id='line_1_30' title="bbox 172 3467 1136 3554; baseline -0.001 -24"><span class='ocrx_word' id='word_1_215' title='bbox 172 3467 318 3549; x_wconf 89' lang='lat' dir='ltr'>Propert.</span> <span class='ocrx_word' id='word_1_216' title='bbox 344 3472 373 3547; x_wconf 84' lang='lat'>3,</span> <span class='ocrx_word' id='word_1_217' title='bbox 399 3473 427 3547; x_wconf 87' lang='lat'>7,</span> <span class='ocrx_word' id='word_1_218' title='bbox 452 3469 507 3548; x_wconf 77' lang='lat'>373</span> <span class='ocrx_word' id='word_1_219' title='bbox 531 3475 560 3547; x_wconf 89' lang='lat'>4,</span> <span class='ocrx_word' id='word_1_220' title='bbox 589 3471 636 3548; x_wconf 89' lang='grc'>11,</span> <span class='ocrx_word' id='word_1_221' title='bbox 661 3474 722 3554; x_wconf 64' lang='grc'>37,</span> <span class='ocrx_word' id='word_1_222' title='bbox 746 3471 776 3549; x_wconf 85' lang='grc'>4,</span> <span class='ocrx_word' id='word_1_223' title='bbox 803 3473 850 3549; x_wconf 91' lang='grc'>11,</span> <span class='ocrx_word' id='word_1_224' title='bbox 876 3475 932 3548; x_wconf 83' lang='grc'>74;</span> <span class='ocrx_word' id='word_1_225' title='bbox 957 3475 986 3546; x_wconf 87' lang='grc'>4,</span> <span class='ocrx_word' id='word_1_226' title='bbox 1014 3473 1061 3547; x_wconf 93' lang='grc'>11,</span> <span class='ocrx_word' id='word_1_227' title='bbox 1085 3471 1136 3530; x_wconf 84' lang='grc'>92.</span> 
     </span>
    </p>

    <p class='ocr_par' dir='ltr' id='par_1_10' title="bbox 277 3579 635 3661">
     <span class='ocr_line' id='line_1_31' title="bbox 277 3579 635 3661; baseline 0.011 -19"><span class='ocrx_word' id='word_1_228' title='bbox 277 3582 306 3642; x_wconf 87' lang='grc'>6.</span> <span class='ocrx_word' id='word_1_229' title='bbox 352 3579 458 3645; x_wconf 85' lang='lat' dir='ltr'>Carm.</span> <span class='ocrx_word' id='word_1_230' title='bbox 483 3587 512 3661; x_wconf 88' lang='lat'>4,</span> <span class='ocrx_word' id='word_1_231' title='bbox 540 3580 635 3646; x_wconf 84' lang='lat'><strong>1-2:</strong></span> 
     </span>
    </p>

    <p class='ocr_par' dir='ltr' id='par_1_11' title="bbox 349 3693 1126 3887">
     <span class='ocr_line' id='line_1_32' title="bbox 349 3693 1126 3778; baseline 0 -21"><span class='ocrx_word' id='word_1_232' title='bbox 349 3731 394 3741; x_wconf 96' lang='lat'>—</span> <span class='ocrx_word' id='word_1_233' title='bbox 419 3693 592 3773; x_wconf 84' lang='lat' dir='ltr'>„Phaselus</span> <span class='ocrx_word' id='word_1_234' title='bbox 615 3695 679 3776; x_wconf 89' lang='lat' dir='ltr'>ille,</span> <span class='ocrx_word' id='word_1_235' title='bbox 703 3716 799 3778; x_wconf 89' lang='lat' dir='ltr'>quem</span> <span class='ocrx_word' id='word_1_236' title='bbox 821 3693 947 3774; x_wconf 70' lang='lat' dir='ltr'>videtis</span> <span class='ocrx_word' id='word_1_237' title='bbox 970 3693 1126 3778; x_wconf 91' lang='lat' dir='ltr'>hospites,</span> 
     </span>
     <span class='ocr_line' id='line_1_33' title="bbox 438 3805 1074 3887; baseline 0.005 -19"><span class='ocrx_word' id='word_1_238' title='bbox 438 3805 493 3868; x_wconf 83' lang='lat' dir='ltr'>Ait</span> <span class='ocrx_word' id='word_1_239' title='bbox 515 3805 614 3870; x_wconf 87' lang='lat' dir='ltr'>fuisse</span> <span class='ocrx_word' id='word_1_240' title='bbox 637 3808 766 3871; x_wconf 86' lang='lat' dir='ltr'>navium</span> <span class='ocrx_word' id='word_1_241' title='bbox 790 3807 1007 3887; x_wconf 87' lang='lat' dir='ltr'>celerrimus“,</span> <span class='ocrx_word' id='word_1_242' title='bbox 1032 3844 1074 3854; x_wconf 97' lang='lat'>—</span> 
     </span>
    </p>
   </div>
   <div class='ocr_carea' id='block_1_6' title="bbox 173 4063 1306 4215">
    <p class='ocr_par' dir='ltr' id='par_1_12' title="bbox 173 4063 1306 4215">
     <span class='ocr_line' id='line_1_34' title="bbox 277 4063 1306 4134; baseline -0.003 -16"><span class='ocrx_word' id='word_1_243' title='bbox 277 4065 311 4131; x_wconf 78' lang='lat'>²¹)</span> <span class='ocrx_word' id='word_1_244' title='bbox 328 4063 500 4134; x_wconf 87' lang='lat' dir='ltr'>Bernhardy,</span> <span class='ocrx_word' id='word_1_245' title='bbox 525 4065 642 4119; x_wconf 84' lang='lat' dir='ltr'>Gruudr.</span> <span class='ocrx_word' id='word_1_246' title='bbox 667 4064 691 4117; x_wconf 91' lang='lat' dir='ltr'>d.</span> <span class='ocrx_word' id='word_1_247' title='bbox 717 4071 782 4121; x_wconf 80' lang='lat' dir='ltr'>rtm.</span> <span class='ocrx_word' id='word_1_248' title='bbox 807 4067 871 4120; x_wconf 76' lang='lat' dir='ltr'>Lite</span> <span class='ocrx_word' id='word_1_249' title='bbox 896 4066 920 4119; x_wconf 87' lang='lat'>4.</span> <span class='ocrx_word' id='word_1_250' title='bbox 957 4066 1053 4121; x_wconf 85' lang='lat' dir='ltr'>Bearb.</span> <span class='ocrx_word' id='word_1_251' title='bbox 1073 4065 1148 4133; x_wconf 83' lang='grc'>1865,</span> <span class='ocrx_word' id='word_1_252' title='bbox 1167 4080 1228 4134; x_wconf 85' lang='lat' dir='ltr'>pag.</span> <span class='ocrx_word' id='word_1_253' title='bbox 1247 4063 1306 4130; x_wconf 75' lang='lat'>552,</span> 
     </span>
     <span class='ocr_line' id='line_1_35' title="bbox 173 4159 331 4215; baseline 0.006 -2"><span class='ocrx_word' id='word_1_254' title='bbox 173 4159 252 4214; x_wconf 88' lang='lat' dir='ltr'>Aum.</span> <span class='ocrx_word' id='word_1_255' title='bbox 272 4159 331 4215; x_wconf 83' lang='lat'>441.</span> 
     </span>
    </p>
   </div>
   <div class='ocr_carea' id='block_1_7' title="bbox 279 4255 942 4328">
    <p class='ocr_par' dir='ltr' id='par_1_13' title="bbox 279 4255 942 4328">
     <span class='ocr_line' id='line_1_36' title="bbox 279 4255 942 4328; baseline 0.002 -18"><span class='ocrx_word' id='word_1_256' title='bbox 279 4257 313 4324; x_wconf 88' lang='lat'>²²)</span> <span class='ocrx_word' id='word_1_257' title='bbox 330 4255 414 4323; x_wconf 89' lang='lat' dir='ltr'>Neue,</span> <span class='ocrx_word' id='word_1_258' title='bbox 432 4256 549 4312; x_wconf 86' lang='lat' dir='ltr'>Frmlhr.</span> <span class='ocrx_word' id='word_1_259' title='bbox 569 4256 592 4310; x_wconf 86' lang='lat' dir='ltr'>d.</span> <span class='ocrx_word' id='word_1_260' title='bbox 612 4256 658 4313; x_wconf 83' lang='lat' dir='ltr'>lat</span> <span class='ocrx_word' id='word_1_261' title='bbox 677 4257 737 4327; x_wconf 83' lang='lat' dir='ltr'>Spr.</span> <span class='ocrx_word' id='word_1_262' title='bbox 755 4259 785 4326; x_wconf 90' lang='lat' dir='ltr'>I.,</span> <span class='ocrx_word' id='word_1_263' title='bbox 802 4275 865 4328; x_wconf 83' lang='lat' dir='ltr'>pag.</span> <span class='ocrx_word' id='word_1_264' title='bbox 884 4258 942 4311; x_wconf 82' lang='grc'>684,</span> 
     </span>
    </p>
   </div>
   <div class='ocr_carea' id='block_1_8' title="bbox 0 0 1490 4740">
    <p class='ocr_par' dir='ltr' id='par_1_14' title="bbox 0 0 1490 4740">
     <span class='ocr_line' id='line_1_37' title="bbox 0 0 1490 4740; baseline 0 0"><span class='ocrx_word' id='word_1_265' title='bbox 0 0 1490 4740; x_wconf 95' lang='lat' dir='ltr'> </span> 
     </span>
    </p>
   </div>
  </div>
 </body>
</html>
