2970 4740
727 227 745 284 9

634 310 837 319 -α--ο

170 431 319 512 „ebriosa
347 431 461 496 11111111ιι
495 430 678 512 scripserit,
713 429 876 512 Hauptius
910 427 962 511 (ut
993 426 1091 492 etiam
1120 426 1205 491 hauc
1237 448 1310 490 rem
1345 445 1348 453 ’

168 541 310 608 breviter
333 540 508 627 attingam)
531 540 553 606 l.
576 542 598 607 1.
629 541 727 620 dicit,
762 562 826 605 non
854 561 923 605 esse
954 540 988 602 in
1019 539 1126 604 verbis
1157 537 1306 618 „ebriosa

169 656 284 721 acina“
306 655 432 719 hiatum
454 654 511 718 sed
535 653 753 736 synaloephen
782 658 814 716 et
843 652 981 717 fortasse
1009 671 1048 714 ea
1080 651 1119 715 de
1150 672 1185 715 re
1209 650 1307 714 Gellii

170 767 276 843 locum
299 767 448 830 mutavit.
493 765 637 829 Naekius
659 769 769 848 putat,
801 765 942 830 Gellium
969 763 1095 827 hiatum
1117 763 1151 827 id
1175 761 1307 844 dixisse,

171 878 258 961 quod
279 900 337 944 nos
353 877 613 946 consueverimus
631 878 797 942 elisionem
812 877 990 942 nominare.
1001 875 1041 961 l⁷)
1052 885 1055 888 ’
1066 875 1129 940 Sed
1144 875 1308 958 Hauptius

169 991 191 1056 l.
215 992 236 1055 l.
259 1012 333 1074 pag.
359 997 376 1054 5
401 992 470 1055 iure
494 1011 552 1055 suo
574 991 658 1055 hanc
681 991 875 1055 sententiam
898 989 1014 1053 reiicit.

274 1104 436 1186 Hauptius
458 1104 575 1186 pergit,
600 1103 751 1182 Gellium,
774 1101 967 1181 si„ebriosa
988 1099 1306 1165 11111111111110110111ιι

170 1215 311 1298 legisset,
335 1214 375 1280 de
399 1215 531 1279 elisione
555 1236 658 1298 neque
681 1216 840 1297 cogitasse
863 1234 967 1296 neque
990 1214 1133 1296 cogitare
1150 1213 1306 1295 potuisse,

103 1372 106 1377 .
172 1326 230 1393 sed
252 1349 325 1392 eum
348 1326 460 1406 „ebria
482 1328 596 1392 acina“
619 1328 736 1410 legisse
759 1347 888 1391 necesse
912 1347 992 1404 esse,
1016 1346 1091 1389 nam
1113 1323 1308 1389 haecverba
1396 1371 1399 1377 -

143 1423 145 1428 ’
172 1440 264 1504 illum
287 1462 307 1503 a
337 1440 442 1504 Gellio
476 1439 599 1504 dictum
631 1439 754 1503 hiatum
789 1436 955 1520 praebere.
1003 1436 1166 1502 Catullum
1199 1442 1308 1500 autem

173 1557 308 1635 propter
339 1552 491 1616 versiculi
523 1553 680 1616 rationem
713 1550 851 1615 fortasse
882 1548 993 1631 „ebria
1024 1549 1137 1613 11111111ι
1167 1547 1308 1612 scribere

172 1661 331 1747 potuisse,
354 1685 433 1727 sane
455 1684 551 1727 unam
574 1664 717 1728 vocalem
742 1684 811 1727 esse
833 1662 979 1744 longam,
1008 1661 1144 1726 alteram
1164 1659 1306 1738 brevem,

174 1777 231 1841 sed
248 1776 411 1840 Catullum
428 1776 601 1859 aliquoties
617 1798 681 1841 non
698 1776 802 1840 solum
825 1775 988 1859 corripere
1012 1775 1142 1857 longam
1166 1773 1309 1838 vocalem

172 1888 206 1952 in
227 1889 321 1954 hiatu
343 1894 420 1952 ante
444 1886 573 1952 brevem
596 1888 857 1971 subsequentem,
882 1886 939 1952 sed
962 1907 1091 1950 servare
1108 1887 1208 1950 otiam
1223 1885 1310 1969 prio·
1396 1879 1400 1886 ’

172 2002 218 2066 ris
249 2001 378 2084 generis
408 2021 611 2081 mensuram,
642 2005 679 2063 ut
707 2018 806 2067 carm.
836 2003 895 2080 97,
929 2004 966 2078 13
992 2002 1063 2079 114,
1087 2001 1126 2064 6.’
1163 1997 1309 2080 Denique

174 2118 292 2192 autem,
316 2113 442 2177 utiam
465 2112 541 2192 dixi,
565 2134 584 2176 a
607 2110 700 2176 uobis
724 2133 788 2176 non
810 2111 972 2192 dissentit,
995 2133 1070 2176 nam
1093 2111 1141 2174 ita
1163 2109 1310 2193 disputa·

173 2226 294 2290 tionem
323 2246 414 2289 suam
448 2225 629 2290 concludit:
665 2226 797 2306 „itaque
838 2226 946 2307 potuit
986 2224 1134 2290 Catullus
1170 2220 1310 2286 scribere

173 2336 274 2401 Ebria
297 2337 392 2402 acina
416 2336 612 2418 ebriosioriS,
636 2337 697 2401 nisi
720 2337 803 2400 sorte
820 2336 977 2401 eiusmodi
992 2336 1118 2400 hiatum
1133 2334 1175 2401 ab
1191 2333 1310 2400 heude-

175 2448 411 2532 casyllaborum
457 2450 619 2532 elegantia
661 2451 802 2514 alienum
832 2470 902 2514 esse
934 2446 1096 2514 censebat.
1141 2447 1310 2529 scripsisse

72 2560 78 2569 '
174 2567 284 2626 autem
307 2583 382 2626 eum
404 2584 468 2627 non
491 2560 677 2626 dubitamus
699 2562 856 2627 Ebriosa:
887 2561 990 2625 multo
1022 2559 1107 2626 enim
1132 2566 1165 2624 et
1188 2558 1311 2640 simpli-

175 2675 243 2738 cius
265 2678 299 2738 et
322 2675 491 2740 venustius
514 2675 599 2740 idem
622 2672 813 2739 vocabulum
837 2675 870 2739 in
894 2673 1136 2756 comparatione
1159 2672 1308 2754 iteratur,

175 2786 290 2870 longae
312 2791 424 2851 autem
446 2787 566 2851 vocalis
588 2789 621 2851 in
639 2786 729 2852 brevi
745 2786 871 2871 syllaba
892 2786 1024 2851 elisione
1041 2784 1206 2850 Catullum
1221 2781 1310 2847 haud

174 2919 250 2964 raro
273 2920 367 2963 usum
389 2919 459 2964 esse
483 2904 641 2964 constat.²‘

280 3010 355 3075 Sine
377 3009 476 3075 dubio
498 3011 598 3094 igitur
622 3011 769 3077 Catullus
792 3011 920 3076 nomine
952 3010 1153 3077 substantivo
1177 3008 1310 3088 „acina“

175 3143 292 3208 genere
315 3122 469 3188 feminino
492 3145 571 3188 usus
595 3130 657 3204 est3
693 3125 854 3206 quomodo
877 3129 987 3188 autem
1009 3143 1136 3202 vorsus,
1160 3121 1247 3204 quod
1269 3120 1311 3184 ad

175 3256 292 3301 nomen
314 3235 509 3300 adiectivum
532 3235 700 3316 „ebriosa“
725 3238 857 3317 attinet,
886 3237 929 3300 sit
959 3233 1132 3318 legendus,
1155 3232 1310 3297 hocloco

175 3347 304 3430 longius
326 3349 477 3431 persequi
500 3369 563 3414 non
587 3370 768 3431 possumus

279 3461 310 3526 4.
356 3460 462 3524 Oarm.
487 3465 538 3538 42,
563 3467 663 3524 4-5:

383 3609 426 3622 -
449 3572 513 3652 „Et
535 3580 634 3655 negat
656 3573 735 3638 mihi
756 3578 868 3638 nostra
890 3573 1092 3637 reddituram

470 3685 659 3767 Pugillaria,
684 3687 711 3749 si
733 3686 803 3768 pati
825 3687 995 3768 1111111111.ιι

282 3799 308 3861 Α
331 3798 461 3863 nomine
484 3799 644 3863 arlieetiro
659 3798 878 3880 ·„pugillaris“
910 3797 1077 3861 derivatur
1101 3818 1217 3862 nomen
1239 3795 1313 3863 sub-

177 3911 352 3974 stantivum
381 3910 597 3994 „pugillares,
632 3912 719 3974 ium“
744 3932 787 3974 so.
811 3910 929 3990 libelli,
963 3910 1113 3974 codicilli.
1159 3910 1222 3973 Pro
1252 3908 1313 3973 hoo

288 4173 317 4238 ¹³)
334 4169 551 4235 Dissertationcs,
570 4171 666 4238 qrdbus
678 4171 798 4223 Naekius
811 4170 912 4223 Valerii
925 4169 1035 4222 Critonis
1052 4167 1170 4222 carmina
1188 4167 1312 4232 illustrat,

177 4282 238 4338 pag.
257 4264 317 4321 321.
