2970 4740
758 335 799 395 34

205 542 269 601 tur.
313 536 437 600 Eodem
468 537 562 600 modo
592 537 626 599 in
656 559 753 604 carm.
779 536 999 602 6255555515
1037 538 1182 620 „puella¹¹
1207 544 1339 620 excepto

205 653 335 731 praeter
361 647 561 729 „flagellum”
588 672 617 715 5.
642 654 681 713 52
706 650 906 714 (1551551155
929 644 992 713 non
1009 651 1197 737 reperimus.
1235 651 1340 732 Atque

206 762 304 824 etiam
326 761 359 823 in
381 761 446 824 illis
470 761 678 842 carminibus,
703 762 820 845 quibus
844 762 988 844 gravitas
1004 768 1062 825 aut
1077 761 1170 826 dolor
1194 740 1340 838 accessit,

204 894 368 957 perpauca
389 875 604 956 reperiuntur,
634 875 672 937 cf.
703 895 800 938 earm.
832 852 866 954 5;
900 880 917 936 7
927 896 934 953 ;
967 879 1001 952 8;
1034 879 1090 952 703
1121 878 1177 951 763
1206 879 1239 937 ot
1267 874 1340 939 alia.

204 986 343 1049 Restant
365 986 465 1067 igitur
489 987 633 1050 carmina
656 987 782 1051 dicacia
805 992 838 1051 51
861 989 980 1064 155555,
1004 985 1171 1068 inquibus
1188 1007 1339 1067 magnam

108 1116 110 1121 ·
205 1097 404 1160 deminutiva
438 1099 500 1160 vim
532 1097 662 1162 habent.
718 1100 764 1162 Ut
805 1099 986 1180 exemplum
1023 1096 1172 1176 afferam,
1207 1097 1340 1161 exhibeo

205 1231 302 1272 carm.
327 1213 381 1287 25,
416 1195 483 1273 ubi
503 1211 715 1274 accumulatis
746 1210 952 1274 deminutiris
985 1210 1162 1292 formisque
1192 1209 1341 1273 similiter

205 1321 394 1385 sonantibus
417 1327 516 1404 poeta
548 1322 764 1425 pulcherrime
795 1322 903 1386 'l'halli
935 1322 1061 1385 cinaedi
1091 1321 1260 1386 mollitiem
1288 1321 1343 1384 de»

204 1434 319 1516 pingit,
343 1439 376 1497 et
399 1454 495 1496 carm.
521 1438 560 1496 57
586 1440 617 1497 51
641 1435 716 1501 alia.
761 1435 875 1516 Itaque
906 1455 971 1497 non
1000 1433 1118 1515 ubique
1142 1434 1339 1497 deminutiva

205 1568 225 1609 a
247 1551 345 1628 poeta
368 1546 514 1610 adhibita
537 1546 628 1611 nobis
652 1549 792 1630 placent,
814 1550 846 1610 51
869 1547 1028 1610 assentior
1049 1545 1261 1624 Bernhardio,
1286 1546 1341 1627 551

204 1663 292 1721 reete
315 1658 409 1721 dicit:
433 1696 476 1705 —-
502 1658 676 1736 „darunter
699 1657 846 1723 bemerkt
868 1680 944 1721 man
968 1658 1020 1721 (115
1035 1657 1199 1722 zahlreich
1213 1659 1247 1721 in
1263 1658 1340 1722 Um-

160 1772 162 1776 ’
207 1768 280 1832 lauf
314 1775 478 1850 gesetzten
524 1770 736 1834 malerischen
756 1779 758 1782 '
777 1770 855 1834 oder
893 1770 1085 1834 beiszcnden
1124 1770 1340 1849 Deminutiva,

204 1880 322 1945 welche
353 1881 414 1944 den
445 1882 514 1945 Ton
545 1882 602 1946 der
629 1882 764 1965 Elegien
793 1883 860 1946 und
887 1882 945 1946 der
974 1881 1126 1965 epischen
1155 1870 1364 1963 Eiuahlung¹

205 1996 323 2071 515555,
344 1994 435 2058 (15515
459 1993 618 2076 lrr'aftiger
642 1993 720 2058 aber
743 1995 777 2058 15
801 1996 858 2058 der
880 1994 1026 2059 Polemik
1047 1994 1197 2058 uirlren.¹¹
1212 1992 1253 2079 14)

308 2105 399 2181 Quod
424 2106 561 2188 denique
585 2106 627 2169 ad
652 2128 767 2172 causas
790 2109 916 2186 attinet,
942 2106 1060 2189 quibus
1084 2111 1264 2171 commotus
1282 2105 1342 2169 Ca-

209 2217 311 2281 tullus
335 2224 402 2281 tam
425 2239 521 2301 saepe
545 2219 743 2283 deminutira
766 2221 907 2301 scripsit,
931 2220 1041 2283 variae
1064 2219 1247 2282 enumerari
1269 2238 1342 2299 pos-

205 2335 294 2409 sunt,
327 2334 425 2412 prout
451 2336 508 2393 aut
536 2329 719 2411 blanditur,
756 2337 812 2396 aut
843 2331 1005 2415 depingit,
1040 2336 1098 2395 551
1131 2331 1341 2412 contemptim

205 2448 302 2524 atque
326 2440 442 2505 acerbe
465 2442 625 2524 loquitur,
658 2443 732 2507 odio
756 2448 789 2507 et
811 2466 921 2508 amore
945 2443 1012 2507 fere
1036 2443 1142 2507 dicam
1166 2441 1341 2506 deminuti-

204 2575 317 2618 vorum
347 2575 441 2617 usum
465 2555 632 2620 contineri.
678 2556 844 2619 Interdum
867 2562 976 2620 autem
1000 2556 1198 2619 (1551551155
1221 2555 1342 2636 reperi-

203 2687 286 2745 555,
309 2664 365 2728 ubi
388 2686 536 2729 versuum
555 2689 723 2730 numerum
739 2675 861 2750 augent
876 2674 934 2732 aut
957 2673 1096 2731 metrum
1121 2688 1231 2730 eorum
1246 2687 1341 2729 usum

204 2777 414 2864 5551515111)
440 2777 645 2861 Quapropter
667 2800 833 2862 persaepe,
856 2784 894 2842 ut
917 2781 1062 2844 carmina
1079 2778 1237 2862 quaedam
1252 2783 1341 2841 recte

203 2891 470 2972 interpretemur,
504 2892 635 2954 maximi
670 2898 719 2956 551
741 2894 911 2972 momenti,
946 2914 1011 2974 qua
1042 2912 1140 2955 causa
1164 2894 1341 2954 commotus
1372 2942 1375 2947 Δ

205 3001 353 3067 Catullus
376 3004 581 3068 deminutivis
613 3005 657 3067 sit
679 3025 773 3084 usus,
807 3005 997 3087 disquirere.
1044 3004 1237 3085 Plerumque
1261 3022 1339 3066 5555

205 3113 411 3179 deminutivis
435 3116 546 3180 subest
568 3116 686 3180 acerba
710 3117 824 3181 ironia.

309 3227 355 3291 Ut
378 3229 559 3310 exemplum
583 3227 725 3307 afferam,
750 3251 825 3293 vera
849 3251 946 3293 carm.
972 3232 1021 3308 63,
1047 3231 1085 3290 35
1110 3227 1251 3308 cognitio
1275 3248 1342 3290 om-

208 3341 283 3404 nino
312 3339 431 3423 pendet
460 3362 498 3404 ex
520 3348 611 3404 recta
633 3340 821 3405 (1551551151
855 3341 1032 3418 ,1555515511
1062 3341 1341 3422 interpretatione.

309 3452 464 3516 Nonnulli
502 3452 698 3516 adiectivum
736 3452 911 3532 ,1555515511
953 3459 1097 3518 vertunt:
1137 3473 1214 3534 „gar
1246 3455 1340 3529 matt,

207 3565 418 3629 sterbematt¹¹
434 3565 490 3650 ¹⁶),
520 3566 567 3630 ita
590 3570 626 3628 ut
651 3565 829 3643 „lassulus”
855 3574 984 3631 auctam
1007 3566 1057 3631 vel
1080 3564 1254 3628 maximam
1278 3563 1342 3643 sig-

206 3677 315 3740 nificet
336 3678 571 3759 lassitudinem,
595 3684 668 3758 aut,
692 3683 729 3742 ut
752 3678 848 3742 aliter
871 3680 991 3759 dicam,
1018 3677 1194 3756 ,1555515511
1220 3675 1340 3741 habeat

207 3790 270 3852 vim
292 3788 441 3853 vocabuli
470 3790 627 3874 primitivi
661 3810 790 3855 sensum
823 3798 1004 3874 augentem.
1050 3791 1114 3854 Alii
1145 3791 1341 3871 interpretes

316 3999 343 4066 5)
361 3997 528 4066 Bernhardy,
552 3996 670 4051 erunur.
693 3997 741 4051 rer
767 4004 832 4053 rum.
855 3997 963 4053 551.
992 3977 1088 4054 nari.
1108 4000 1182 4055 1555.
1200 4018 1263 4071 pag.
1281 4003 1340 4058 551.

207 4093 286 4148 Anm.
303 4093 364 4147 440.

316 4190 345 4256 ¹⁵)
363 4186 396 4243 cf·
414 4187 551 4242 Palladius
569 4188 672 4242 Fuscus
692 4187 738 4242 fol.
756 4204 818 4256 pag.
836 4191 867 4255 93
887 4188 1020 4244 Antonius
1033 4190 1195 4244 Parthenius
1212 4190 1257 4246 fol.
1276 4206 1341 4260 pag,

207 4275 252 4342 12,
270 4280 297 4328 51
314 4290 376 4343 pag.
394 4276 445 4327 116

317 4371 346 4438 11)
363 4370 398 4424 cf.
415 4370 538 4439 Heysius.
554 4387 617 4439 pag,
637 4372 694 4425 143,
