2970 4740
637 200 640 205 ’
738 203 777 262 32

189 407 415 489 „Hispitilla“,
443 427 544 491 eoque
572 416 705 475 auctore
718 407 756 492 ¹⁰)
786 404 942 489 Iosephus
967 405 1112 488 Scaliger
1134 405 1326 471 vccabulum

190 538 260 581 esse
284 519 516 582 deminutivum
539 521 580 584 ab
602 518 824 604 „Hypsithea“
840 523 945 601 putat,
969 517 1055 600 quod
1072 517 1205 583 Vossius
1227 519 1328 584 nihilo

175 629 390 715 'probabilius
420 653 488 696 esse
519 631 599 696 dicit
623 653 719 714 quam
743 628 1135 713 Tu1·nebi„H0spitilla“.
1183 629 1328 714 Guyctus

189 742 304 807 Vossio
332 749 465 808 auctore
494 743 679 827 „Iphitilla“
708 742 749 808 ab
778 743 926 825 „Iphito“
961 742 1108 826 scripsit,
1132 739 1220 824 quod
1243 750 1328 806 esset

190 876 252 920 vox
276 855 411 921 Graeca.
449 856 584 920 Vossius
608 863 716 921 autem
739 859 858 935 monet,
883 853 1047 919 Catullum
1069 853 1233 918 Romanas
1256 859 1329 918 tan·

189 973 260 1032 tum
300 968 536 1053 appellationes
574 990 767 1052 usurpasse,
806 987 902 1050 quam
942 964 983 1031 ob
1016 987 1085 1031 rem
1119 964 1327 1049 „Hispitilla“

190 1081 320 1146 retinet.
1263 1148 1266 1152 ,

294 1193 361 1258 Ott.
378 1191 575 1260 Ribbeckius
598 1191 789 1258 vccabulum
806 1190 987 1275 „Ipsitilla“
1008 1190 1056 1254 ita
1076 1189 1326 1274 interpretatur:

191 1305 291 1388 „Was
317 1304 449 1369 hindert
477 1306 561 1370 denn
592 1329 617 1370 z.
643 1306 679 1369 B.
703 1327 745 1370 an
768 1284 913 1388 Ipsitilla
931 1325 971 1366 zu
993 1301 1136 1381 denken,
1160 1300 1212 1365 dic
1236 1322 1262 1364 c.
1287 1303 1327 1363 32

191 1415 274 1481 doch
297 1417 433 1482 z'artlich
457 1439 562 1501 genug
585 1439 676 1482 meae
692 1416 841 1497 deliciae,
865 1416 929 1481 mei
943 1410 1071 1498 lepores
1087 1418 1229 1496 genennt
1239 1412 1329 1492 wir-d,

192 1528 259 1593 und
287 1528 386 1594 deren
418 1529 477 1616 (im
506 1528 709 1613 Augenblick
740 1528 903 1612 fingirter)
933 1526 1036 1591 Name
1067 1525 1183 1589 Nichts
1209 1525 1254 1588 ist
1280 1523 1329 1588 als

72 1678 75 1683 ·
191 1643 243 1706 ein
265 1641 533 1706 humoristisches
556 1641 741 1706 Deminutiv
765 1662 827 1705 von
842 1641 924 1724 ipsa,
947 1637 1005 1702 der
1020 1635 1149 1700 iibliche
1165 1634 1330 1718 Ergeben-
1441 1667 1447 1677 1

79 1786 84 1792 ¹
190 1753 451 1834 heitsausdruck,
474 1774 566 1817 werin
582 1752 720 1818 Gesinde
744 1752 810 1817 und
826 1750 1007 1816 Liebhaber
1029 1770 1091 1813 ron
1107 1747 1195 1812 ihrer
1210 1747 1330 1812 Herrin

193 1866 360 1951 sprechen,
384 1866 443 1930 wie
474 1865 559 1930 deun
587 1866 670 1930 auch
693 1865 751 1930 der
776 1865 923 1951 Sperling
948 1867 976 1942 3,
1002 1865 1019 1923 6
1043 1881 1135 1926 suam
1158 1859 1273 1955 ipsam,
1298 1859 1328 1923 d.

191 1970 222 2034 h.
249 1991 341 2034 suam
356 1969 519 2034 dominam
536 1989 571 2034 so
587 1976 646 2053 gut
660 1969 791 2050 kannte,
807 1970 865 2034 wie
881 1968 940 2033 das
956 1968 1044 2036 Kind
1059 1972 1111 2037 die
1127 1971 1329 2057 Mutte1·“.¹¹)

295 2082 385 2146 Haec
413 2081 642 2166 interpretatio
673 2080 742 2146 sine
774 2080 872 2146 dubio
903 2083 972 2147 sola
1000 2090 1051 2148 est
1078 2106 1169 2166 vera,
1203 2083 1330 2166 quade

193 2216 293 2260 causa
322 2194 421 2259 etiam
460 2191 693 2280 schwabiusffl)
729 2193 912 2278 „Ipsitilla“
950 2196 1064 2261 scribit
1096 2218 1252 2262 reuocans
1288 2196 1331 2261 ad

193 2307 416 2387 Buechlcrum,
450 2308 506 2389 qui
528 2308 562 2371 in
585 2306 726 2371 editione
751 2328 810 2372 sua
832 2308 976 2373 Petronii
998 2330 1073 2393 pag.
1097 2314 1148 2389 74,
1172 2331 1235 2392 quo
1259 2309 1330 2374 loco

193 2441 263 2503 cap.
286 2421 343 2502 63,
366 2421 393 2503 ς.
417 2422 459 2484 20
482 2407 755 2502 „ipsimi'ncstrl‘
778 2420 873 2503 legit,
897 2426 1052 2486 annotat:
1076 2423 1255 2507 „ipsiumus
1277 2421 1331 2486 uel

194 2533 331 2618 ipsimus
354 2537 387 2596 et
410 2531 537 2614 ipsuma
561 2532 659 2596 etiam
681 2532 715 2595 in
736 2532 971 2616 posterioribus
988 2534 1136 2599 dominus
1152 2540 1185 2598 et
1200 2534 1332 2601 domina

192 2650 364 2712 uocantur.
409 2644 562 2709 Plautina
591 2666 687 2709 serua
713 2647 746 2709 in
771 2645 888 2710 Casina
910 2646 973 2728 IV,
997 2651 1026 2728 2,
1054 2651 1096 2729 11,
1115 2669 1184 2731 ,ego
1207 2668 1245 2712 eo
1268 2668 1332 2730 quc

192 2780 244 2823 me
279 2758 352 2842 ipsa
384 2757 481 2822 misit‘
511 2757 546 2822 id
578 2765 627 2822 est
658 2757 802 2839 domina,
832 2753 923 2845 αὐτή.
969 2759 1116 2825 Catullus
1139 2760 1179 2825 de
1201 2780 1332 2844 passere

194 2893 297 2953 ,suam
319 2875 415 2935 norat
437 2871 543 2954 ipsam
565 2878 634 2935 tam
657 2870 738 2936 bene
761 2892 857 2953 quam
881 2872 991 2956 puella
1012 2877 1170 2952 matrem‘,
1190 2871 1277 2936 idem
1293 2870 1333 2936 de

194 2983 318 3048 deliciis
355 2985 422 3048 suis
461 3005 542 3065 ,mea
579 2983 683 3048 dulcis
719 2983 879 3068 Ipsitilla‘.
940 2985 978 3048 In
1015 2983 1079 3050 fine
1115 2983 1213 3048 dicit:
1248 3004 1333 3066 „nun

192 3098 310 3161 mirum
343 3096 502 3162 deflexum
537 3119 557 3163 a
590 3097 774 3162 reuerentia
805 3096 1002 3163 uocabulum
1035 3117 1104 3162 esse
1134 3095 1176 3161 ad
1207 3094 1334 3161 blandi·

193 3210 287 3291 tias“,
310 3247 354 3257 -
377 3230 420 3274 sc.
443 3210 524 3293 ipsa.

298 3323 436 3407 Saepius
467 3322 614 3388 Catullus
645 3322 723 3386 satis
755 3343 820 3387 non
853 3321 969 3402 habet,
992 3343 1013 3386 a
1034 3321 1199 3387 vocabulis
1222 3321 1334 3405 primi-

194 3437 270 3500 tivis
305 3435 538 3501 deminutivum
574 3434 714 3517 fingere,
745 3434 802 3500 sed
834 3456 855 3499 a
886 3434 1084 3500 deminutivc
1120 3438 1192 3518 ipsc
1214 3435 1333 3498 iterum

193 3569 312 3614 novum
322 3548 557 3613 deminutivum
566 3546 657 3613 ducit
668 3553 707 3612 ut
716 3547 893 3629 „0cellus“;
909 3546 1108 3631 „puellula“;
1119 3544 1333 3626 ,‚tenellulus“

195 3667 228 3726 et
259 3661 334 3726 alia.
378 3661 476 3726 Haud
510 3682 585 3725 raro
620 3660 827 3726 deminutivis
856 3660 1017 3725 adiectiva
1048 3659 1215 3737 attribuit,
1250 3678 1334 3740 quae

195 3779 307 3858 aperte
324 3774 576 3839 deminutionem
588 3779 731 3858 augeant
742 3780 779 3838 ut
792 3794 889 3838 carm.
905 3778 932 3854 l,
949 3778 963 3836 l
980 3771 1142 3856 „lepidum
1156 3770 1333 3836 libellum“.

198 3915 274 3925 ικ--ψ-
279 3918 313 3924 ....
321 3917 404 3924 ..md

305 3984 334 4050 ¹¹¹)
351 3981 424 4034 Edit.
444 3982 501 4036 Cat.
518 3997 582 4051 pag.
601 3981 712 4034 78-79.

306 4069 335 4133 ¹¹)
356 4068 410 4122 ott
428 4067 557 4134 Ribbeck,
575 4067 603 4123 G.
616 4068 676 4123 Val.
692 4068 757 4134 Cat,
775 4067 836 4120 eine
848 4066 1046 4121 literar-histor.
1060 4066 1165 4133 Skizze,
1178 4065 1248 4120 Kicl.
1258 4065 1334 4119 1863.

196 4169 257 4222 pag.
276 4153 316 4207 59.
335 4155 416 4208 Anm.
434 4155 469 4206 34
486 4170 521 4207 zu
537 4170 602 4222 pag.
616 4153 658 4208 47.

304 4240 336 4308 ¹²)
355 4240 396 4293 cf.
415 4238 479 4295 edit.
498 4239 564 4306 Cat,
583 4255 645 4307 pag.
663 4240 703 4293 37.
