2970 4740
632 192 839 288 „³—

172 399 329 479 „hilarus“
356 403 390 464 et
416 396 582 477 „hilaris“;
620 401 775 479 „pronus“
802 401 836 460 et
870 395 1037 477 „prouis“;
1077 396 1242 474 „sterilus“
1270 402 1303 463 et

173 510 340 589 „sterilis“.
387 509 467 574 Cum
490 511 600 573 autem
623 529 726 590 neque
755 507 907 572 adiectivi
934 505 1039 570 forma
1066 513 1197 589 „putra“
1225 509 1304 594 (for-
1357 542 1358 551 ¹

169 644 250 701 mac,
274 642 357 704 quae
373 625 495 700 extant,
520 628 611 684 sunt:
639 626 761 702 „putea
785 622 823 700 is,
849 626 883 684 e“
912 620 961 683 vel
982 622 1114 702 „putris
1131 619 1183 705 e“)
1200 642 1304 703 neque

170 756 270 818 genus
292 733 482 798 femininum
497 733 637 796 nominis
661 738 818 815 „pumex“
842 732 908 796 ullo
932 739 1022 795 certo
1038 733 1141 814 possit
1157 734 1304 816 exemplo

170 844 383 929 comprobari,
408 866 464 909 cur
487 844 575 909 illius
599 845 752 909 carminis
774 849 905 927 poetam
927 845 975 908 ita
992 844 1158 926 scripsisse
1174 866 1305 910 necesse

171 959 243 1023 est?
290 958 372 1024 Sane
396 964 535 1021 metrum
557 977 617 1040 pro
642 957 789 1039 „putris“
813 957 912 1021 aliam
936 977 1046 1021 vocem
1071 958 1225 1039 postulat,
1249 961 1305 1025 sed
1356 1034 1357 1037 Ἴ

171 1071 262 1135 locus
286 1071 306 1134 1.
331 1071 396 1134 alio
419 1069 514 1133 modo
538 1068 756 1133 emendandus
780 1074 838 1132 est.
884 1069 1000 1150 Itaque
1024 1090 1081 1150 ego
1098 1077 1213 1134 contra
1229 1071 1307 1136 Vos-

172 1183 254 1247 sinm
272 1181 433 1247 Catullum
451 1181 556 1245 solum
571 1181 700 1244 nomine
724 1187 882 1263 „pumex“
906 1202 1022 1263 genere
1038 1181 1191 1246 feminino
1215 1205 1306 1249 usum

173 1315 242 1358 esse
265 1315 325 1377 pro
349 1300 438 1358 certo
460 1291 574 1358 habeo.

180 1457 182 1463 .
278 1405 399 1470 Contra
414 1406 487 1469 illos
503 1407 589 1470 viros
605 1405 727 1483 doctos,
745 1405 797 1488 qui
816 1406 980 1469 Catullum
997 1407 1064 1469 sine
1081 1405 1179 1470 dubio
1197 1409 1309 1488 „arida

174 1518 321 1603 pumice“
338 1518 506 1600 scripsisse
522 1523 650 1600 putant,
673 1517 840 1582 Palladius
858 1519 981 1582 Fuscus
1005 1518 1059 1582 sol.
1076 1541 1150 1602 pag.
1174 1522 1310 1585 21111111-

174 1652 289 1714 meque
313 1630 454 1695 Achilles
479 1630 603 1696 Statius
627 1629 681 1694 fol.
705 1650 779 1713 pag.
804 1635 822 1693 3
847 1631 930 1694 hanc
953 1631 1122 1695 lectionem
1148 1633 1309 1698 reiiciunt.

177 1745 297 1822 Causa,
330 1764 426 1826 quam
453 1742 505 1805 hic
533 1741 643 1818 affert,
673 1748 736 1806 est:
771 1742 877 1825 „qnod
901 1765 973 1806 cum
996 1749 1045 1807 est
1067 1745 1174 1827 ipsum
1198 1748 1312 1808 contra

175 1855 471 1940 manuscriptorum
493 1853 649 1921 librorum
666 1853 772 1934 fidem,
797 1859 867 1918 tum
884 1860 1027 1920 veterum
1044 1856 1186 1920 omnium
1203 1864 1313 1921 aucto-

177 1969 339 2032 ritatem.“
364 1966 517 2049 Appellat
531 1967 693 2045 Plautum,
718 1969 773 2049 qui
798 1967 928 2049 quidem
950 1968 984 2031 in
1007 1967 1119 2032 fabula
1143 1969 1311 2033 Aulularia

178 2079 335 2161 iuscripta
358 2099 475 2143 nomen
499 2084 655 2162 „pumex“
681 2100 797 2161 genere
819 2079 997 2144 masculino
1021 2080 1166 2145 exhibet:

178 2229 222 2238 -
245 2192 386 2270 „anex
409 2212 599 2273 nonaeque
622 2197 672 2255 est
694 2190 821 2269 aridus,
853 2197 951 2274 atque
973 2192 1025 2255 hic
1049 2198 1098 2256 est
1121 2197 1248 2257 senex.“
1270 2232 1314 2241 —

179 2304 236 2368 sed
268 2302 365 2367 fidem
399 2303 462 2367 loci
495 2307 664 2386 praestare
698 2325 762 2367 non
797 2325 938 2386 possum.
996 2303 1152 2368 Concedit
1186 2306 1312 2387 quidem

179 2415 321 2479 Achilles
345 2415 481 2492 Statius,
506 2414 670 2479 Catullum
697 2415 805 2479 Servio
829 2415 1113 2496 auct01·e‚,arida“
1138 2418 1313 2500 scripsisse,

178 2533 213 2592 at
236 2535 350 2592 contra
372 2528 468 2592 etiam
493 2527 646 2605 affirmat,
673 2527 805 2592 Atilium
831 2529 1102 2593 Fortunatianum
1124 2534 1157 2592 et
1178 2529 1316 2604 Victori-

179 2661 265 2718 num,
289 2639 362 2703 illos
385 2639 612 2704 celeberrimos
629 2641 867 2721 grammaticos,
891 2645 1003 2705 nostro
1021 2642 1142 2706 Catulli
1157 2641 1228 2706 loco
1252 2664 1314 2706 non

181 2750 312 2830 „arida“
337 2751 394 2815 sed
418 2751 552 2830 „arido“
577 2752 702 2834 legisse.
728 2752 775 2814 De
799 2752 898 2815 Atilio
914 2752 1149 2818 Fortunatiano
1175 2754 1316 2818 Achilles

182 2862 304 2926 Statius
328 2869 361 2926 et
380 2863 525 2928 Isaacius
550 2863 683 2928 Vossius
713 2865 799 2928 inter
829 2886 862 2927 se
895 2886 958 2930 non
988 2865 1209 2944 consentiunt3
1244 2887 1315 2930 con-

185 2972 308 3038 feratur
336 2975 436 3058 igitur
467 2975 553 3058 quod
583 2976 636 3039 hic
652 2976 766 3041 tradit
798 2977 837 3041 de
866 2976 922 3041 illo
955 2978 1178 3059 grammatico.
1224 2977 1316 3056 Quod

181 3084 321 3169 denique
345 3087 466 3152 attinet
489 3087 531 3152 ad
553 3087 649 3153 illud:
673 3089 769 3153 etiam
794 3088 980 3152 Martialem
1003 3093 1033 3168 8,
1058 3093 1097 3152 72
1122 3094 1155 3153 et
1177 3091 1316 3154 Plinium
1384 3103 1387 3110 '

181 3218 211 3261 n.
228 3197 258 3260 h.
284 3202 334 3277 36,
359 3202 409 3279 21,
434 3203 475 3262 42
491 3199 664 3265 lectionem·
687 3200 819 3280 „endor
838 3200 940 3265 videri
962 3200 1182 3285 comprobare,
1207 3205 1317 3266 statim

181 3307 267 3371 infra
289 3312 474 3375 accuratius
509 3311 548 3375 de
569 3312 619 3376 his
643 3312 857 3395 scriptoribus
887 3312 979 3379 nobis
1007 3317 1058 3379 est
1085 3314 1317 3378 disserendum.

182 3418 279 3483 Haud
301 3421 397 3486 dubie
421 3429 531 3488 antem
553 3423 613 3488 hoc
636 3424 706 3489 loco
730 3446 840 3489 verum
861 3431 931 3505 est,
956 3424 1043 3508 quod
1065 3426 1219 3509 Iosephus
1244 3428 1319 3490 Sca-

181 3531 264 3616 liger
288 3533 434 3599 Servium
458 3556 593 3618 sequens
617 3536 670 3601 sol.
694 3557 767 3620 pag.
793 3543 810 3599 7
835 3535 928 3601 dicit:
954 3537 1040 3618 „Cur
1055 3537 1184 3621 dubites
1207 3538 1246 3602 do
1259 3537 1319 3601 hac

182 3645 330 3725 lectione,
354 3667 486 3711 caussae
509 3668 574 3711 non
597 3654 655 3728 est,
680 3649 707 3712 si
732 3647 880 3713 Seruium
903 3649 1191 3732 locupletissimum
1209 3656 1320 3718 ancto-

183 3779 252 3821 rem
274 3756 383 3822 habes.
409 3758 515 3835 Quare
539 3759 623 3822 enim
646 3759 695 3823 illi
717 3761 839 3841 minus,
872 3783 968 3844 quam
992 3760 1083 3826 libris
1107 3761 1223 3826 abhinc
1246 3783 1318 3824 cen—

184 3876 253 3933 tum
277 3874 369 3935 annis
393 3872 523 3955 scriptis
545 3869 752 3936 tribuendum
775 3875 826 3954 sit,
850 3895 912 3938 non
938 3875 1061 3939 video.“

288 3981 505 4067 Obloquentes
542 3983 608 4048 illis
645 3984 723 4048 viris
762 3983 882 4065 doctis,
923 3987 978 4069 qui
1018 3987 1161 4052 Servium
1200 3986 1322 4050 Catulli

184 4114 283 4162 carm.
322 4101 352 4177 1,
387 4100 405 4159 2
439 4096 664 4179 respicientem
703 4095 822 4163 dixisse
860 4106 1008 4177 censent,
1048 4097 1214 4163 Schwabio
1248 4119 1323 4162 anc-

1173 4211 1209 4273 1ss
