2970 4740
249 449 319 507 tore
330 431 356 528 6“)
383 443 605 529 Spengeliusi)
631 449 664 508 et
686 445 880 509 Leutschius
891 445 917 531 ⁸)
941 445 999 509 illa
1021 443 1119 508 verba
1141 442 1184 509 ad
1210 445 1308 509 alium
1327 430 1403 510 Ca?

248 554 323 618 tulli
344 554 451 620 locum
472 554 626 622 referunt.
672 556 834 639 Imprimis
867 556 1056 640 Spengelius
1087 559 1297 638 contradicit,
1329 559 1384 643 qui

248 667 297 730 ita
318 668 567 750 interpretatur,
595 675 632 733 ut
656 668 759 749 dieat,
790 669 936 735 Servium
966 669 1087 736 Catulli
1117 691 1217 738 earm.
1244 675 1269 752 1,
1294 674 1314 736 2
1336 690 1387 735 re·

248 780 438 862 spicientem
472 781 520 844 ita
553 781 722 864 scripsisse
757 780 886 846 omnino
921 803 1052 847 necesse
1086 803 1151 848 non
1190 804 1276 862 esse,
1309 803 1386 848 nam

248 893 348 957 alium
376 893 482 958 locum
511 894 545 957 in
572 894 680 958 animo
709 891 829 959 habere
858 896 1011 979 potuisse.
1058 894 1225 972 Quatenus
1257 896 1386 961 Servius

249 1005 283 1069 in
307 1005 518 1070 annotatione
548 1027 607 1070 sua
634 1027 698 1071 non
728 1007 851 1089 apertis
875 1005 981 1071 verbis
1003 1008 1109 1090 ipsum
1134 1028 1232 1071 carm.
1259 1013 1286 1087 1,
1310 1012 1329 1071 2
1352 1008 1386 1071 in

249 1118 355 1182 animo
388 1139 422 1182 se
454 1116 573 1182 habere
608 1117 783 1201 significat,
818 1119 1012 1183 sententiam
1040 1119 1203 1202 Spengelii
1228 1118 1384 1207 quodam-

248 1229 344 1294 modo
378 1252 447 1294 esse
475 1251 584 1294 veram
619 1229 794 1295 concedere
827 1251 1014 1313 possumus,
1053 1252 1251 1314 quamquam
1285 1231 1385 1296 nihilo

248 1343 352 1424 magis
375 1363 474 1425 quam
504 1347 633 1422 nostra,
660 1342 780 1406 Catulli
804 1363 901 1406 carm.
928 1345 956 1422 1,
980 1347 998 1405 2
1023 1365 1094 1408 esse
1117 1344 1254 1424 dictum,
1285 1344 1384 1408 certis

249 1455 450 1536 argumentis
473 1455 661 1519 sustinetur.
706 1455 860 1519 Attamen
882 1455 963 1520 haec
985 1463 1098 1521 nostra
1122 1457 1282 1521 sententia
1304 1455 1384 1519 mihi

248 1567 482 1631 verisimillima
506 1587 575 1630 esse
603 1565 740 1630 ridetur.
785 1567 869 1631 Nam
891 1567 933 1631 ad
964 1588 1059 1651 quern
1082 1567 1190 1633 locum
1213 1566 1302 1651 apud
1324 1566 1385 1631 Oa-

248 1679 366 1743 tullum
389 1680 452 1743 nisi
475 1678 518 1742 ad
542 1699 640 1743 carm.
669 1684 695 1758 1,
720 1683 738 1742 2
761 1679 820 1744 illa
840 1677 946 1745 'Servii
969 1682 1137 1761 annotatio
1159 1680 1304 1744 revocari
1327 1701 1385 1763 po·

250 1792 339 1856 test?
377 1791 522 1875 Excepto
546 1811 643 1854 carm.
671 1795 697 1871 1,
721 1792 741 1854 2
764 1791 862 1855 semel
884 1795 1012 1856 tantum
1035 1793 1070 1856 in
1093 1790 1214 1857 Catulli
1236 1792 1387 1856 carmini-

248 1904 319 1985 bus,
344 1925 426 1988 quae
442 1903 535 1968 nobis
551 1907 736 1986 supersunt,
759 1924 874 1968 nomen
896 1908 1056 1987 „pumex“
1072 1904 1261 1988 reperimus,
1286 1923 1385 1970 carm.

249 2020 300 2097 22,
324 2023 343 2080 8
366 2017 459 2083 dico:
491 2086 494 2091 ,
862 2096 865 2103 ⁵

481 2168 524 2177 —
553 2133 604 2208 „et
625 2128 752 2211 pumice
775 2129 885 2193 omnia
907 2135 1076 2212 aequata.“
1102 2168 1146 2178 —

248 2240 306 2306 sed
337 2263 437 2324 genus
467 2241 554 2306 vocis
585 2261 624 2304 ex
652 2240 717 2304 illis
745 2239 852 2306 verbis
883 2241 973 2306 nullo
1005 2241 1102 2307 modo
1131 2240 1240 2325 colligi
1265 2245 1384 2325 potest.

247 2354 364 2437 ltaque
392 2353 435 2418 ad
468 2359 646 2418 extremum
678 2358 787 2436 potest
809 2353 894 2434 fieri,
923 2361 960 2418 ut
984 2353 1087 2419 Servii
1120 2353 1219 2420 verba
1254 2353 1296 2418 ad
1318 2352 1386 2418 alia

249 2466 371 2531 Catulli
394 2469 538 2531 carmina
560 2467 688 2547 amissa,
712 2467 746 2530 in
769 2465 886 2550 quibus
909 2488 1025 2532 nomen
1052 2472 1203 2551 „pumex“
1231 2471 1312 2546 erat,
1334 2486 1386 2529 re-

247 2579 399 2659 feramus,
423 2580 510 2662 quod
532 2579 632 2644 nihilo
655 2581 758 2663 magis
774 2579 978 2664 comprobari
1001 2585 1119 2664 potest.
1159 2581 1192 2646 Si
1214 2583 1386 2663 praeterea

249 2692 438 2777 Spengelius
462 2694 561 2758 etiam
584 2693 770 2757 Martialem
793 2697 822 2772 8,
848 2698 887 2757 72
905 2698 938 2758 et
952 2693 1091 2758 Plinium
1110 2715 1142 2758 n.
1157 2693 1189 2760 h.
1207 2697 1257 2772 36,
1275 2695 1326 2770 21,
1341 2690 1385 2754 42

248 2805 363 2888 legisse
385 2812 481 2888 putat
503 2805 590 2890 apud
603 2805 766 2870 Catullum
794 2805 922 2885 „aridc“
942 2828 1005 2871 non
1026 2805 1168 2886 „arida“,
1184 2801 1385 2869 hauddubie

248 2917 376 3000 longius
403 2917 620 3001 progreditur.
670 2919 740 2982 lam
769 2918 910 2982 Achilles
942 2919 1066 2984 Statius
1094 2916 1148 2983 fol.
1176 2939 1249 3000 pag.
1279 2918 1314 2996 3,
1348 2923 1385 2980 ut

251 3050 350 3112 supra
373 3032 631 3109 commemorari,
655 3032 738 3095 hanc
761 3031 979 3095 coniecturam
1002 3030 1101 3110 lacit,
1125 3029 1182 3095 sed
1204 3029 1267 3094 loci
1290 3028 1386 3093 citati

250 3162 322 3204 eam
345 3164 453 3206 veram
477 3165 547 3207 esse
570 3144 659 3207 nullo
682 3143 778 3208 modo
802 3143 955 3208 efficiunt.

352 3255 448 3337 Apud
470 3255 656 3320 Martialem
678 3256 780 3339 igitur
801 3257 861 3339 Ep.
886 3261 916 3332 8,
941 3262 958 3318 7
963 3260 981 3318 2
1005 3256 1155 3338 legimus:

453 3393 496 3414 —⁴-
523 3369 689 3446 ,Nondum
712 3370 835 3433 murice
858 3369 974 3448 cultus,
995 3389 1176 3451 asperoque

543 3481 655 3545 Morsu
677 3481 816 3565 pumicis
839 3480 922 3545 aridi
945 3480 1095 3563 politus.“
1125 3516 1161 3528 -
1176 3478 1203 3565 9)

354 3591 437 3656 Sane
459 3598 557 3677 poeta
579 3592 692 3657 scribit
714 3614 778 3657 nou
805 3592 960 3676 „pumicis
980 3590 1108 3657 aridae“
1147 3589 1204 3654 sed
1230 3592 1384 3674 „pumicis

249 3705 364 3785 aridi“,
400 3728 440 3770 ex
471 3727 533 3789 quo
565 3705 696 3788 quidem
736 3703 826 3788 apud
857 3703 1041 3769 Martialem
1077 3724 1193 3768 nomen
1227 3710 1381 3786 „pumex“

352 3987 375 4037 lt
394 3983 467 4036 Edit.
486 3982 543 4036 cat.
562 3998 623 4050 pag.
641 3981 665 4038 3.

355 4080 374 4145 7)
393 4076 468 4131 nea.
490 4078 545 4131 roa.

354 4174 375 4240 8)
393 4173 476 4227 Nunt.
496 4173 570 4226 erud.
589 4172 756 4226 Gott.1855.

354 4269 375 4338 ⁰)
393 4267 619 4334 Schneidewinus,
638 4266 701 4319 edit.
719 4268 798 4320 Mart.
817 4282 881 4335 pag.
898 4261 966 4320 355(
