2970 4740
737 233 774 290 la

649 319 855 328 Μ

185 403 302 515 quibus
325 437 422 515 poeta
444 437 555 496 noster
579 432 697 496 talibus
720 432 832 496 formis
854 454 932 496 usus
953 439 1011 512 est,
1034 433 1147 514 quales
1161 438 1219 520 aut
1234 454 1318 513 raro,

109 541 112 546 ’
184 549 243 608 aut
266 549 354 608 certe
376 544 464 608 haud
487 544 599 608 crebro
623 544 710 627 apud
733 545 907 627 scriptores
927 545 1089 609 Romanos
1104 545 1319 627 reperiuntur,

185 661 244 719 aut
265 676 347 739 quas
370 655 518 720 Catullus
543 661 674 738 praeter
697 661 822 720 ceteros
845 677 955 720 amare
979 654 1114 722 videtur.
1160 655 1320 721 Numerus

185 772 295 832 autem
320 767 435 832 talium
459 767 637 832 formarum
660 789 725 832 non
749 773 798 832 est
820 788 1016 851 permagnus
1039 773 1137 851 atque
1161 767 1320 850 plurimae

184 880 218 943 in
246 879 461 959 archaismos,
491 877 547 961 qui
570 884 744 958 vocantur,
780 879 967 944 referendae
991 884 1076 944 sunt.
1120 879 1235 961 Itaque
1257 879 1319 943 hoc

184 991 257 1055 loco
286 990 459 1055 nonnullas
491 989 716 1056 declinationis
740 991 779 1055 'et
802 992 1038 1074 coniugationis
1061 991 1181 1056 formas
1203 1013 1321 1075 propo-

185 1123 269 1182 nam,
294 1122 377 1184 quac
399 1101 529 1185 quidem
553 1102 640 1184 apud
664 1103 745 1167 alios
768 1104 944 1186 scriptores
961 1123 1024 1166 nou
1042 1109 1118 1166 sunt
1132 1102 1319 1182 inusitatae,

185 1214 241 1278 scd
264 1214 350 1296 ap'ud
375 1215 537 1278 Catullum
561 1236 717 1298 persaepe
739 1235 920 1298 magnoque
942 1234 1077 1279 numero
1101 1220 1223 1279 extant.

290 1331 319 1390 2.
347 1327 393 1391 Ut
423 1349 443 1390 a
472 1325 668 1391 substantivi
696 1325 911 1391 declinatione
941 1325 1068 1407 ordiar,
1100 1332 1199 1410 poeta
1221 1347 1319 1393 carm.

188 1442 238 1519 64,
266 1439 453 1505 auc-291:

311 1589 355 1599 -
378 1551 471 1630 „Non
494 1551 563 1615 sine
586 1551 717 1616 nutanti
739 1551 875 1634 platano
898 1550 1051 1633 lentaque
1074 1571 1184 1616 sorore

399 1663 574 1728 Flammati
597 1663 809 1728 Phaethontis
832 1671 865 1727 et
887 1664 977 1727 aeria
1001 1668 1186 1746 cupressu.“
1208 1703 1253 1712 -

186 1773 330 1839 ablativo
360 1781 556 1859 „cupressu“
586 1775 678 1840 nobis
705 1775 842 1840 formam
869 1775 1005 1859 praebet
1026 1781 1163 1858 quartae
1186 1775 1326 1840 declina-

185 1888 293 1967 tionis,
317 1908 513 1970 quamquam
535 1887 727 1952 vocabulum
747 1894 959 1971 „cup1·cssus“
971 1909 1088 1952 nomen
1103 1893 1153 1952 est
1165 1887 1325 1954 secundae

187 2018 393 2081 „cupressus‚
424 2000 466 2063 i“.
512 1999 599 2064 Satis
628 2005 736 2064 autem
770 2004 820 2063 est
851 2006 981 2079 notum,
1012 2000 1169 2066 nonnulla
1194 2001 1326 2065 nomina

187 2109 403 2190 substantiva,
433 2132 516 2194 quae
540 2109 672 2175 arbores
696 2111 880 2194 significant
903 2111 1074 2192 solentque
1098 2113 1190 2195 sequi
1212 2133 1325 2177 secun-

187 2222 262 2287 dam
293 2224 560 2303 declinationem,
600 2224 721 2287 formas
759 2225 891 2305 genitivi
920 2230 952 2287 ct
984 2224 1120 2289 ablativi
1150 2225 1325 2306 singularis

187 2342 286 2419 atque
317 2337 507 2400 nominativi
540 2342 573 2399 et
603 2336 780 2399 accusativi
808 2335 945 2418 pluralis
973 2357 993 2400 a
1023 2342 1142 2419 quarta
1171 2338 1323 2416 mutuari,

187 2469 325 2530 quorum
354 2449 388 2513 in
416 2469 550 2512 numero
578 2453 654 2511 sunt
683 2452 814 2530 praeter
846 2455 1057 2529 „cupressus“
1092 2449 1190 2512 etiarn
1215 2448 1323 2528 „ficus

186 2561 315 2639 laurus,
346 2561 473 2643 pinus“.
519 2560 589 2624 Hae
621 2560 744 2624 formae
768 2566 905 2642 quartae
928 2559 1155 2625 declinationis
1178 2583 1325 2624 nonnun-

188 2692 287 2753 quam
314 2673 379 2735 iam
411 2672 498 2755 apud
521 2673 697 2754 scriptores
721 2693 802 2754 quos
822 2672 934 2736 dicunt
957 2672 1111 2736 classicos
1134 2664 1323 2754 reperimus,

188 2783 243 2870 (cf.
265 2783 332 2849 Cic.
356 2783 395 2848 de
419 2784 474 2848 Or.
499 2787 528 2863 2,
554 2787 603 2862 69,
629 2787 691 2846 278
715 2783 843 2869 „ficu²‘),
868 2783 926 2847 sed
940 2783 1028 2866 apud
1044 2785 1219 2867 scriptores
1236 2791 1325 2848 acta·

187 2896 230 2959 tis
253 2895 441 2979 posterioris
465 2896 593 2960 demum
617 2895 745 2977 saepius
768 2895 801 2958 in
823 2916 884 2959 usu
907 2915 978 2960 esse
1001 2901 1186 2978 coeperunt.
1195 2897 1220 2980 1)

292 3009 358 3072 lam
391 3012 522 3072 transeo
554 3006 597 3072 ad
624 3008 782 3090 genitivos
814 3008 940 3072 numeri
960 3007 1111 3092 pluralis
1137 3008 1261 3091 primae
1290 3013 1323 3072 et

187 3120 346 3186 secundae
370 3120 606 3200 declinationis,
630 3121 685 3203 qui
709 3142 749 3185 ex
772 3125 905 3200 „arum“
929 3122 979 3185 vel
1003 3125 1137 3201 „0rum“
1161 3120 1323 3185 contracti

187 3239 305 3318 exeunt
331 3233 365 3296 in
394 3239 500 3312 „um“.
555 3232 648 3310 Quod
674 3232 717 3298 ad
747 3234 885 3316 primam
914 3232 1163 3298 declinationem
1194 3233 1321 3310 attinet,

187 3344 237 3408 bis
260 3350 390 3409 tantum
412 3343 569 3410 eiusmodi
595 3346 752 3427 genitivos
776 3343 864 3428 apud
880 3345 1045 3409 Catullum
1057 3344 1202 3426 legimus,
1223 3364 1322 3408 carm.

188 3458 239 3536 64,
265 3461 341 3521 355:

244 3608 281 3616 -
308 3569 545 3652 „Troiugenum
567 3569 685 3634 infesto
707 3575 917 3652 prosternens
942 3589 1079 3653 corpora
1101 3568 1208 3634 ferrc“
1231 3607 1275 3617 -

188 3686 221 3744 et
243 3702 341 3746 carm.
367 3685 437 3764 68¹2,
465 3685 539 3748 138:

304 3834 340 3844 -
368 3795 493 3879 „Saepe
516 3795 614 3860 etiam
638 3794 729 3875 Iuno,
753 3795 896 3860 maxima
918 3794 1139 3878 caelicolum,“

291 3907 353 3972 Hic
376 3908 535 3992 genitivus
562 3907 596 3971 in
626 3912 719 3988 „um“
743 3927 803 3991 pro
827 3911 960 3988 „arum“
984 3909 1092 3974 exiens
1114 3908 1213 3974 etiam
1235 3907 1324 3994 apud

188 4019 363 4102 scriptores
387 4020 512 4085 solutae
542 4020 700 4085 orationis
724 4018 780 4084 sed
802 4040 877 4084 raro
901 4021 1008 4086 estin
1029 4041 1100 4100 usu,
1124 4025 1162 4084 nt
1183 4021 1324 4104 plerum-

299 4254 313 4325 ·)
332 4251 415 4320 Neue,
433 4251 549 4306 Frmlhr.
569 4253 595 4307 d.
613 4252 660 4306 lat.
679 4254 739 4322 Spr.
756 4253 786 4322 1,
804 4271 867 4324 pag.
885 4254 1032 4311 530-536.

1088 4342 1111 4374 ‘x
