2970 4740
733 199 751 257 2

698 284 844 292 .v.-——-—

174 420 255 479 mue,
279 400 333 482 qui
356 421 377 464 a
400 399 509 464 Servio
533 399 575 463 ad
599 400 693 484 Verg.
719 402 796 467 Aen.
824 401 872 479 12,
897 404 958 464 587
982 400 1113 465 additus
1145 400 1240 466 nobis
1264 409 1327 467 eet

175 518 331 577 servatus.
341 514 365 598 ¹)

278 624 374 708 Apud
396 625 574 709 Vergilium
583 626 608 714 ²)
631 627 784 710 legimus:

277 748 320 785 -'-
347 737 511 819 „Inclusas
533 746 571 803 ut
593 760 692 824 quum
714 738 878 805 latebroso
900 740 933 803 in
956 740 1082 823 pumice
1104 745 1216 823 paster

167 828 169 835 λ
364 849 545 935 Vestigavit
568 873 645 934 apes
668 851 821 935 fumoque
843 852 979 935 inplevit
1001 857 1131 916 amaro“
1149 873 1156 928 3
1181 890 1222 898 -

175 963 292 1047 quibus
315 963 421 1028 verbis
444 964 687 1029 annotationem
712 964 841 1030 Servius
863 965 1083 1047 interpretans
1105 962 1233 1029 adiicit:

283 1077 463 1157 ,Pumioem
487 1081 594 1141 autem
618 1076 680 1140 iste
696 1076 876 1142 masculino
900 1097 1017 1159 genere
1032 1077 1152 1159 posuit,
1177 1082 1210 1140 et
1224 1075 1319 1142 huuc

174 1190 355 1274 sequimur:
388 1209 464 1253 nam
486 1193 525 1253 et
547 1188 683 1254 Plautus
715 1190 763 1254 ita
792 1188 887 1254 dixit:
920 1188 998 1254 licet
1022 1187 1169 1253 Catullus
1191 1187 1318 1254 dixerit

173 1301 354 1369 leminin0.“
370 1302 395 1388 ³)

276 1414 412 1479 Plurimi
435 1419 467 1478 et
488 1414 662 1497 praecipue
689 1419 814 1479 veteres
838 1413 957 1479 Catulli
987 1414 1129 1479 editores
1165 1413 1316 1479 Servium

173 1532 289 1610 poetae
313 1531 410 1594 carm.
436 1528 464 1606 1,
489 1530 507 1588 2
531 1527 757 1609 respicientem
780 1527 828 1590 ita
844 1527 1012 1609 scripsisse
1035 1513 1157 1607 dicunt,
1182 1526 1315 1609 quade

174 1661 272 1704 eausa
310 1640 417 1722 legere
451 1639 564 1704 volunt
599 1639 728 1719 „arida“
764 1660 829 1705 non
867 1639 1007 1719 ,arido“.
1065 1637 1112 1705 Of.
1149 1637 1313 1704 Antonius

172 1751 367 1817 Parthenius
388 1751 443 1816 fol.
466 1771 541 1834 pag.
569 1755 600 1815 1:
627 1751 741 1832 ,Hunc
762 1757 842 1834 pute
864 1751 970 1816 lecum
994 1771 1074 1832 esse,
1096 1751 1130 1815 in
1152 1772 1216 1834 quo
1237 1750 1313 1816 Ser·
1350 1743 1352 1747 ’

172 1865 246 1929 nius
268 1886 289 1928 a
312 1865 440 1931 Catullo
462 1865 624 1947 pumicem
655 1862 829 1930 foeminino
857 1886 973 1948 genere
1003 1865 1146 1949 positum
1175 1864 1311 1930 asserit:

172 1983 211 2042 ut
241 1978 405 2043 Catullum
435 1978 529 2044 arida
564 1979 691 2062 pumice
726 1977 871 2043 credam>
886 1978 1091 2061 protulisse.“
1149 1976 1311 2042 Antonius

173 2092 321 2156 Muretus
345 2090 399 2156 fol.
415 2112 489 2175 pag.
514 2096 546 2157 5:
575 2092 644 2172 „Ita
659 2090 831 2175 legendum
846 2111 916 2156 esse
933 2112 972 2157 ex
989 2091 1176 2156 testimonio
1192 2086 1310 2172 Seruij,

171 2204 227 2288 alij
252 2225 380 2289 quoque
408 2210 635 2270 annotarunt.“
685 2204 841 2270 Similiter
869 2205 1046 2287 loquuntur
1078 2204 1176 2268 Ianus
1198 2202 1311 2266 Deusa

172 2316 234 2382 Fil.
257 2315 312 2383 fol.
338 2337 412 2400 pag.
439 2321 474 2398 63
502 2317 659 2400 Iosephus
692 2317 835 2400 Scaliger
865 2315 919 2385 fol.
947 2338 1021 2401 pag.
1055 2321 1073 2380 7
1103 2321 1136 2381 et
1164 2314 1310 2380 Isaacius

172 2427 318 2508 Vossius,
351 2429 462 2511 quiin
485 2428 626 2494 editione
652 2429 745 2517 sua⁴)
776 2450 851 2512 pag.
875 2434 893 2493 2
918 2428 1016 2494 etad
1041 2429 1186 2495 Servium
1210 2432 1244 2492 et
1265 2425 1309 2490 ad

172 2541 307 2605 Atilium
330 2541 601 2606 Fortunatianum
621 2547 786 2625 provocat.
818 2543 912 2607 Arne
929 2547 1039 2606 autem
1062 2539 1198 2606 dissidet
1220 2536 1309 2603 affir-

171 2675 281 2734 mans,
310 2675 444 2736 nomen,
476 2654 516 2719 de
545 2675 608 2737 quo
639 2675 725 2719 nunc
753 2656 952 2738 quaerimus,
984 2655 1082 2719 etiam
1110 2652 1197 2736 apud
1225 2651 1309 2716 alios

98 2826 103 2834 .
172 2766 348 2849 scriptores
366 2767 528 2833 Romanos
545 2789 662 2851 genere
683 2767 836 2834 feminine
859 2769 893 2832 in
917 2789 975 2833 usu
998 2768 1131 2848 versari,
1155 2764 1197 2830 ad
1220 2763 1310 2847 quod

171 2879 373 2961 probandum
403 2902 461 2945 noe
491 2881 533 2945 ad
561 2882 707 2946 carmina
737 2903 820 2964 quae
851 2881 964 2945 dicunt
985 2880 1137 2962 Priapeia
1166 2881 1308 2957 revocat,

172 3013 236 3075 quo
259 2991 330 3057 loeo
352 2992 438 3058 inira
461 2994 582 3077 scripto
606 2994 731 3078 legibus
754 2999 932 3059 commotus
954 2992 1097 3056 metricis
1120 3011 1197 3074 pro:

279 3143 316 3152 --
345 3156 359 3185 „
384 3105 472 3183 Quae
496 3126 591 3171 succo
615 3109 715 3186 earet,
738 3112 836 3189 atque
859 3105 966 3188 putris
989 3109 1134 3188 pumex,“
1160 3139 1203 3151 —
1241 3175 1248 3183 μ

171 3217 236 3299 legi
257 3237 389 3282 necesse
412 3239 482 3283 esse
505 3218 601 3283 dicit:

276 3369 318 3377 -
345 3329 451 3410 „Quae
475 3350 571 3394 succo
596 3335 695 3412 caret,
718 3334 817 3414 atque
839 3335 937 3413 putra
956 3335 1101 3412 pumex,“
1127 3327 1203 3414 -⁶)

275 3441 322 3506 Ut
343 3441 479 3508 formam
496 3442 682 3509 femininam
709 3447 841 3527 „putra“
859 3444 952 3507 iuxta
978 3442 1118 3524 ,putris“
1138 3441 1308 3520 sustineat,

175 3560 308 3636 ,putra“
336 3559 369 3618 et
395 3555 534 3638 ,putris“
561 3576 620 3621 nos
642 3561 751 3622 monet
774 3555 886 3622 eodem
909 3553 1005 3620 modo
1028 3553 1092 3617 dici
1114 3572 1218 3635 posse,
1242 3571 1308 3633 quo

279 3853 299 3918 ¹)
316 3849 400 3917 Neue,
419 3849 576 3902 Formlehre
594 3849 642 3928 der
660 3849 706 3904 lat.
725 3849 851 3918 Spraohe,
871 3851 891 3904 l.
909 3866 972 3919 pag.
990 3850 1048 3903 691.

277 3947 298 4014 ²)
316 3945 418 4014 Heyne,
437 3944 498 3998 edit.
517 3944 580 3998 min.
599 3944 715 4012 Lipsiae.
734 3943 810 4000 1828.
845 3943 903 3998 Vol.
923 3945 958 3998 Π.
976 3960 1037 4012 pag.
1056 3942 1115 3999 380.

278 4041 299 4102 ³)
318 4039 517 4105 Lachmannus,
535 4037 598 4092 edit.
617 4037 674 4093 Cat.
691 4055 753 4107 pag.
771 4042 796 4093 3.

276 4137 299 4202 ⁴)
317 4134 435 4187 Londini
453 4135 528 4188 1684.

276 4230 297 4299 ⁶)
314 4228 492 4297 Burmannus,
510 4230 620 4283 Anthol.
639 4229 700 4283 Lat.
719 4229 779 4284 Vol.
797 4230 832 4283 11.
850 4245 911 4297 pag.
931 4229 1080 4298 505-5085
1098 4230 1149 4296 Ep.
1168 4230 1210 4294 33,
1228 4233 1253 4284 7.
