2970 4740
582 1211 751 1295 Vita.

205 1538 291 1590 Natus
309 1553 367 1590 sum
387 1536 525 1590 Corradus
540 1536 628 1605 -Hupe
653 1553 725 1591 anno
742 1537 770 1593 h.
788 1552 810 1592 s,
828 1537 916 1591 XLVI
935 1554 961 1590 a.
978 1536 1003 1592 d.
1023 1537 1070 1592 IX.
1088 1536 1144 1590 Cal.
1163 1535 1231 1589 Nor.

103 1635 130 1686 in
150 1634 207 1686 vico
220 1647 304 1701 prope
322 1631 519 1700 Osnabrugium
538 1632 596 1698 sito,
615 1633 658 1685 cui
675 1647 771 1686 nomen
791 1637 832 1685 est
849 1631 1138 1700 Wellingholthausen‚
1156 1635 1233 1700 patre

102 1729 223 1781 Iohanne
240 1728 358 1780 Henrico
375 1733 403 1780 et
419 1734 504 1780 matre
521 1727 608 1780 Maria
624 1726 782 1782 Elisabetha
798 1741 812 1779 e
831 1732 911 1794 gente
929 1727 1080 1793 Mollering‚
1100 1740 1166 1794 quos
1186 1724 1229 1778 ad·

102 1824 155 1875 huo
172 1824 292 1876 viventes
310 1823 355 1890 pia
371 1827 461 1874 mente
480 1822 602 1875 venerari
620 1829 724 1890 gratum
742 1821 808 1875 mihi
827 1820 942 1874 officium
960 1826 1009 1874 est.

206 1917 300 1970 Fidem
319 1915 445 1985 profiteor
463 1915 629 1970 catholicam.
664 1915 818 1969 Literarum
842 1914 994 1984 primordiis
1019 1915 1135 1968 imbutus
1153 1915 1232 1984 Gym-

99 2013 207 2074 nasium
230 2013 392 2080 Meppense,
418 2009 489 2079 quod
511 2010 544 2064 V.
563 2011 628 2064 Rev.
646 2010 693 2065 Dr.
711 2009 821 2064 Wilken
846 2009 977 2063 directore
995 2008 1089 2076 floret,
1114 2024 1161 2062 sex
1184 2023 1233 2076 per

103 2121 188 2160 annos
208 2105 375 2174 frequentavi
393 2110 473 2174 atque
492 2105 650 2173 optimorum
663 2111 866 2175 praeceptorum
879 2105 1021 2174 disciplina
1034 2104 1154 2158 eruditus
1167 2119 1233 2157 sum.

104 2203 255 2254 Auctnmno
273 2201 337 2255 anni
355 2200 381 2252 h.
401 2215 422 2254 s.
440 2199 543 2253 LXVII
560 2200 721 2254 maturitatis
732 2193 897 2253 ¹testimonio
914 2199 1032 2253 munitus
1049 2199 1119 2252 hanc
1137 2198 1233 2251 almam

66 2356 71 2371 ἱ
103 2296 238 2348 literarum
270 2295 431 2348 academiam
455 2294 557 2362 regiam
580 2294 820 2348 Monasteriensem
848 2295 914 2365 petii
941 2293 1035 2346 studiis
1064 2292 1233 2361 philologieis

105 2404 212 2457 operam
232 2395 378 2443 navaturus
396 2396 424 2442 et
441 2406 458 2442 a
474 2394 578 2443 rectore
596 2388 736 2456 magnifico
759 2389 799 2442 Ill.
819 2387 997 2457 Gappenberg
1023 2387 1117 2440 civium
1140 2386 1232 2440 acade-

104 2486 231 2538 micorum
260 2499 370 2538 numero
400 2484 550 2554 adscriptus
581 2498 645 2538 sum.
681 2483 785 2538 Scholis
810 2482 920 2536 interfui
946 2497 995 2550 per
1021 2497 1069 2536 sex
1096 2481 1234 2536 semestris

106 2579 222 2632 virorum
240 2576 457 2633 clarissimorum:

209 2673 309 2742 Altum,
327 2674 434 2744 Deycks
451 2692 478 2744 p.
496 2691 539 2741 m.,
556 2674 732 2741 Hagemann,
750 2673 823 2739 Heis,
841 2672 950 2738 Hittori,
968 2670 1096 2738 Landois,
1112 2671 1233 2738 Langen,

106 2769 231 2836 Niehuos,
249 2769 366 2835 Parmet,
384 2769 520 2837 Rosspatt,
540 2767 656 2834 Stoeokl‚
675 2766 779 2834 Storrk,
798 2766 964 2821 Winiewski.

208 2864 288 2918 Hisce
307 2864 428 2918 omnibus
441 2863 510 2916 'viris
529 2862 690 2917 doctissimis
709 2863 874 2927 clarissimis,
899 2861 991 2929 utqui
1008 2861 1120 2914 multum
1139 2859 1172 2913 de
1190 2873 1232 2927 me

106 2961 259 3027 meruerint
277 2960 377 3027 gratias
395 2965 422 3013 et
439 2974 510 3012 nuno
527 2974 578 3026 ago
596 2950 720 3026 et'quam
737 2956 866 3012 maximas
884 2970 989 3025 semper
1006 2955 1121 3010 habebo.
