2970 4740
732 187 750 246 5

638 275 844 282 ——..-—...-.

173 415 289 478 genere
312 392 490 457 masculino
513 391 670 457 usitatum
694 412 764 456 esse
787 392 860 474 cogi
881 397 1000 476 potest,
1025 391 1082 455 sed
1104 412 1164 473 pro
1181 390 1310 455 Catullo
1377 381 1380 388 ’

173 512 284 570 nostro
306 505 360 568 hic
382 504 473 570 locus
496 504 577 569 nihil
593 504 722 584 evincit,
745 525 822 569 nam
838 502 999 568 Martialis
1022 503 1091 566 eius
1113 504 1310 568 mentionem

173 618 303 683 omnino
326 638 391 681 non
414 617 502 681 facit.
719 599 723 606 ⁵

278 755 311 820 Si
334 776 431 838 porro
454 754 578 818 Plinius
601 777 632 818 11.
656 754 688 820 h.
712 758 763 834 36,
789 759 839 834 21,
864 759 904 821 42
929 754 1022 818 dicit:

275 931 319 943 —-
345 893 427 972 „Sed
450 893 474 956 ii
496 891 654 976 pumiceS,
683 894 739 976 qui
763 897 839 958 sunt
861 895 895 958 in
919 914 979 956 usu
1003 913 1174 975 corporum
1197 893 1311 978 ler(ig)
1361 935 1363 939 -

173 1006 332 1071 andorum
353 1005 492 1084 feminis,
516 1005 581 1068 iam
601 1004 730 1087 quidem
755 1011 788 1069 et
810 1006 886 1069 viris
907 1011 1015 1087 atque,
1038 1012 1075 1069 ut
1091 1006 1137 1069 ait
1155 1004 1311 1084 Catullus,

173 1117 274 1198 libris,
285 1116 501 1182 laudatissimi
517 1121 610 1181 sunt“
630 1157 672 1165 -
685 1116 789 1203 ect.¹⁰)
801 1138 863 1181 non
878 1122 926 1181 est
941 1116 1083 1196 dubium,
1101 1118 1177 1199 quin
1191 1117 1312 1182 Plinius

173 1231 195 1296 l.
218 1231 239 1297 l.
263 1236 321 1293 aut
337 1249 434 1292 carm.
456 1233 481 1308 l,
498 1231 602 1309 2,,1111
625 1250 723 1293 carm.
742 1231 792 1309 22,
809 1235 838 1309 8,
856 1235 923 1309 aut,
950 1231 976 1293 si
1000 1250 1116 1293 nomen
1145 1236 1312 1312 ,pumex“,

114 1331 118 1335 ⁶
173 1347 211 1406 ut
235 1341 424 1424 Spengelius
445 1346 551 1424 putat,
574 1341 608 1404 in
631 1342 741 1424 aliquo
766 1342 906 1421 carmine
930 1341 1048 1404 amisso
1071 1346 1178 1420 extat,
1211 1342 1309 1424 etism

174 1456 259 1520 hunc
285 1455 391 1520 locum
420 1456 452 1518 in
481 1457 589 1518 animo
616 1453 778 1518 habuerit.
826 1453 1015 1536 Spengelius
1039 1458 1151 1516 autem
1176 1474 1192 1516 e
1215 1453 1312 1517 Plinii

175 1566 280 1632 verbis
305 1565 462 1631 conficere
485 1566 622 1646 videtur,
646 1588 719 1631 eum
735 1566 824 1651 apud
842 1565 1003 1631 Catullum
1020 1586 1136 1641 nomen
1157 1570 1308 1648 „pumex“

175 1700 291 1763 genere
307 1679 484 1743 masculino
502 1678 619 1760 legisse
634 1678 783 1762 huncque
800 1684 945 1743 secutum
966 1679 1006 1756 „ii
1022 1678 1177 1760 pumices,
1202 1677 1256 1759 qui
1270 1716 1312 1724 -
1407 1690 1409 1700 ·

174 1791 390 1857 laudatissimi
413 1796 506 1854 sunt“
533 1812 650 1873 genere
672 1790 851 1856 masculino
865 1791 1042 1873 scripsisse.
1076 1790 1187 1854 Talem
1196 1795 1312 1854 ⁴autem
1363 1789 1368 1795 “

175 1905 490 1987 argumentationem
513 1924 685 1984 pernegem
709 1926 779 1968 esse
802 1926 921 1968 veram.
944 1954 946 1958 1

281 2043 314 2107 Si
337 2041 437 2123 igitur
461 2040 521 2104 has
544 2063 654 2106 omnes
677 2064 729 2106 res
754 2043 793 2106 de
813 2042 1186 2125 quaestione-proposita
1206 2041 1314 2122 dispu-

176 2159 263 2220 tatas
286 2154 585 2234 examinaverimus,
609 2175 659 2219 me
682 2161 761 2238 puto
780 2163 866 2219 11111
887 2155 1008 2218 dixisse
1024 2155 1168 2235 satisque
1184 2151 1313 2215 demon-

176 2272 306 2346 strasse,
332 2266 496 2332 Catullum
518 2288 632 2331 revera
647 2268 669 2334 l.
681 2267 702 2332 1.
721 2289 741 2331 a
757 2269 917 2332 communi
934 2266 1062 2331 dicendi
1079 2286 1195 2348 genere
1214 2264 1315 2328 disce-

171 2378 303 2444 dentem
333 2380 463 2443 nomine
493 2377 694 2445 substantivo
732 2386 883 2464 ,pumex“
916 2401 1032 2462 genere
1060 2377 1213 2443 feminino
1244 2399 1314 2440 esse

170 2513 276 2557 usum.
322 2491 426 2569 Quam
456 2490 496 2556 ob
525 2513 593 2556 rem
617 2492 807 2557 Rossbachii
836 2492 1012 2576 editionem
1036 2513 1173 2574 sequens
1197 2495 1313 2554 contra

176 2604 431 2680 Lachmannum,
448 2606 512 2688 qui,
526 2611 564 2668 ut
579 2607 644 2669 iam
660 2605 735 2684 dixi,
751 2605 877 2686 „arido“
893 2605 1014 2685 scribit,
1031 2606 1156 2669 retineo
1172 2603 1313 2683 „arida“,

171 2735 256 2797 quae
289 2715 388 2780 lectio
419 2717 517 2780 etiam
547 2718 702 2782 maiorem
733 2717 830 2782 fidem
853 2719 972 2800 accipit
995 2716 1212 2800 descriptione
1236 2716 1316 2778 ima-

172 2828 308 2911 gineque
326 2829 493 2893 literarum
510 2830 614 2894 nostri
631 2830 705 2910 loci,
720 2837 810 2912 'quas
826 2830 1029 2895 Froehnerus
1046 2830 1197 2894 Codicem
1215 2828 1315 2890 Dala-

173 2961 251 3004 num
288 2944 369 3004 1463
400 2963 537 3024 sequens
567 2942 665 3022 lecit3
697 2964 774 3007 nam
807 2947 919 3026 aperte
948 2942 1003 3006 ille
1034 2941 1142 3007 Codex
1165 2941 1312 3005 Datanus

171 3052 360 3118 nonhabet
387 3054 532 3135 „arrido“
560 3052 617 3118 sed
644 3053 857 3141 ,arrida“.¹1)

278 3192 310 3256 Si
333 3214 418 3256 nunc
443 3195 645 3276 quaerimus,
678 3215 742 3276 qua
765 3215 800 3258 re
823 3200 1000 3259 commotus
1026 3192 1175 3258 Catullus
1203 3191 1315 3271 „arida

171 3302 268 3369 modo
279 3306 423 3386 pumice“
440 3326 504 3369 non
521 3305 630 3386 „arido
643 3306 739 3372 modo
751 3307 899 3390 pumice“
913 3306 1090 3390 scripserit,
1108 3325 1173 3370 nou
1189 3301 1313 3373 dubito,

172 3415 251 3497 quin
274 3437 407 3481 numero
431 3419 574 3483 oratorio
598 3417 757 3484 adductus
780 3417 917 3484 formam
940 3419 974 3482 in
1001 3424 1055 3500 „a“
1086 3394 1336 3481 terminantem

171 3528 376 3610 praetulerit,
400 3550 497 3612 quam
522 3532 769 3617 causametiam
785 3531 946 3614 Reisigius
967 3530 1071 3611 effert,
1094 3531 1199 3615 quiin
1217 3552 1315 3613 opere

174 3661 232 3704 suo
256 3642 468 3723 grammatico
491 3641 585 3708 dicit:
614 3644 752 3723 „Pumex
775 3644 882 3708 wurde
906 3666 967 3708 von
993 3643 1102 3708 Catuli
1126 3643 1227 3727 epigr.
1254 3648 1314 3723 1,2

176 3819 381 3826 m*-

280 3934 313 4002 ¹⁰)
331 3933 460 4002 Silligius.
479 3934 542 3988 edit
561 3934 630 3990 Prin.
649 3952 674 3989 n.
693 3934 720 3989 h.
739 3951 801 4004 pag.
821 3937 880 3989 358.

284 4030 314 4096 ΙΙ)
332 4028 498 4098 Philologus,
524 4032 564 4084 14.
587 4046 649 4098 pag.
674 4029 826 4085 sea-569.
857 4061 890 4068 -
921 4029 1118 4084 Controversen
1141 4046 1190 4084 zur
1213 4034 1313 4085 testes·

173 4123 336 4200 geschichte
345 4124 393 4177 des
411 4122 537 4177 Catullus.
557 4143 617 4192 pag.
636 4125 781 4178 568-585.
