2970 4740
718 272 757 330 35

163 483 290 561 putant,
318 476 495 555 „lassulus”
522 475 676 554 indicare,
701 474 812 539 Gallae
833 475 930 557 pratulo
946 472 1167 556 languidiores
1192 473 1302 553 fuisse,

164 592 212 654 ita
234 595 271 653 ut
297 589 472 666 „lassulus”
498 587 692 652 vocabulum
715 587 914 669 primitivum
937 607 1002 650 non
1025 591 1144 668 augeat
1166 585 1223 651 sed
1247 607 1304 668 po·

165 687 231 767 tius
254 701 427 765 deminuat.
451 700 540 764 Haec
564 704 673 762 autem
696 699 925 782 interpretatio
951 699 1059 762 sensui
1081 698 1146 762 loci
1170 698 1301 762 omnino

165 836 230 878 non
253 813 436 897 respondet,
461 816 494 875 et
517 813 622 876 altera
644 810 732 874 haud
754 810 852 875 dubie
875 832 947 875 oum
973 831 1009 874 eo
1034 810 1148 874 melius
1172 832 1300 875 consen·

166 927 217 991 tit.
262 927 422 1007 Persaepe
446 929 571 1003 autem,
603 930 638 987 ut
662 945 762 1006 supra
786 923 873 1004 dixi,
908 923 1073 987 vocabulis
1097 923 1302 1009 deminutivis

165 1039 251 1122 apud
286 1037 449 1102 Catullum
478 1035 590 1100 subest
618 1036 736 1114 ironia,
770 1040 970 1118 quapropter
999 1036 1303 1117 interpretationem

166 1172 297 1234 sequor,
332 1170 430 1231 quam
460 1148 609 1211 Werthes
638 1149 810 1230 proponit:
849 1147 1047 1229 „Uebrigens
1074 1149 1117 1211 ist
1149 1169 1182 1211 es
1213 1147 1303 1212 nicht

165 1260 440 1339 wahrsoheinlich,
465 1259 540 1324 dosa
564 1259 615 1323 die
632 1260 747 1323 Gallen
764 1260 868 1349 dieses
893 1260 1135 1324 verldeinernde
1151 1261 1301 1342 Beywort

167 1376 335 1457 deswegen
357 1373 548 1437 behommen
570 1371 691 1452 haben,
715 1373 786 1436 weil
809 1374 855 1436 sie
878 1394 940 1435 nur
963 1379 1061 1436 etwas
1085 1372 1180 1436 miide
1203 1393 1303 1454 gewa-

166 1510 237 1567 sen3
260 1486 395 1551 welches
413 1485 464 1549 die
478 1485 632 1567 Meinung
649 1485 706 1548 der
722 1485 879 1567 husleger
894 1485 951 1565 ist3
976 1484 1124 1563 sondern,
1139 1483 1302 1559 ,vielleicht

165 1600 268 1664 neben
291 1600 363 1664 dem
387 1602 454 1661 erst
477 1597 692 1679 angeliihrten
705 1596 846 1676 Grande,
871 1596 980 1660 diirfte
998 1596 1054 1660 der
1070 1596 1204 1660 Dichter
1218 1596 1301 1660 wohl

165 1713 225 1778 auf
242 1712 312 1777 ihre
335 1731 453 1774 neuere
477 1709 715 1789 Verwandlung
746 1708 883 1790 genehen
910 1707 1031 1788 haben3
1068 1709 1143 1772 dasz
1176 1731 1211 1772 er
1234 1709 1301 1773 also

166 1828 236 1890 eine
258 1822 427 1888 weibische
449 1821 636 1903 Mattiglreit
659 1821 864 1885 ausduicken
886 1820 1003 1900 wollte,
1027 1820 1146 1884 welche
1169 1821 1227 1884 der
1243 1821 1303 1884 Ar-

165 1937 233 2000 beit-
263 1936 356 1999 einen
384 1935 469 2014 Berg
498 1955 537 1996 zu
565 1934 725 2015 ersteigen
750 1932 828 1996 bald
859 1933 1046 2014 unterliegt.
1092 1920 1231 1996 Hierauf
1248 1931 1302 1996 be·

165 2048 250 2113 nieht
273 2046 341 2112 sioh
363 2044 447 2109 auch
470 2045 633 2109 vielleicht
658 2044 717 2108 das
741 2045 845 2127 gleich
869 2044 989 2108 darauf
1009 2043 1171 2132 folgende:
1195 2045 1301 2109 Nimio

166 2183 182 2225 e
205 2159 333 2238 labore,
358 2180 391 2222 es
414 2180 479 2222 war
502 2157 554 2221 fiir
576 2158 646 2221 ihre
668 2157 896 2221 unmdnnliehe
919 2157 1016 2220 Kraft
1039 2179 1078 2219 zu
1100 2157 1192 2221 uiel.¹¹
1206 2156 1247 2243 17)

271 2289 449 2367 06111166,
485 2291 521 2349 16
554 2286 785 2350 deminutivum
814 2287 1020 2363 „lacrimula¹¹
1052 2287 1181 2351 omnino
1204 2285 1303 2351 habet

165 2404 240 2482 vim,
264 2421 346 2484 quae
369 2401 453 2463 inest
474 2404 605 2464 nostrae
628 2400 715 2463 voci:
742 2399 1105 2477 „Krokodilsthranent

268 2522 340 2586 Non
361 2521 429 2585 sine
457 2541 554 2584 causa
584 2526 681 2603 poeta
710 2541 807 2585 carm.
832 2525 883 2599 25,
908 2525 925 2582 2
954 2528 1011 2597 ,,11“
1045 2539 1116 2582 cum
1144 2519 1191 2595 ,1⁴¹
1217 2538 1303 2582 com-

166 2640 295 2698 mutans
333 2654 392 2715 pro
432 2634 554 2696 usitato
597 2633 780 2709 „auricula“
821 2633 951 2716 scripsit
989 2632 1193 2711 „auricilla⁴¹,
1228 2651 1303 2694 nam

167 2745 286 2811 acerba
310 2744 469 2827 quaedem
492 2744 613 2824 ironia,
638 2766 702 2826 qua
726 2745 877 2809 Thallum
898 2746 1095 2824 insectatur,
1120 2743 1303 2808 accumula-

166 2859 253 2922 tione
276 2857 391 2921 literae
417 2857 464 2934 „i“
491 2856 685 2939 depingitur.

270 2986 380 3050 Etiam
403 2990 440 3049 ut
463 2987 560 3050 alicui
584 2991 804 3068 contemptum
827 2984 956 3065 afferat,
987 2986 1135 3050 Catullus
1159 2985 1300 3049 deminu-

167 3101 234 3163 tira
257 3099 344 3163 haud
367 3119 441 3162 raro
464 3099 572 3181 ponit,
604 3098 653 3162 ita
675 3105 712 3161 ut
739 3098 787 3162 vis
810 3098 1072 3180 contemptionis,
1106 3118 1188 3180 quae
1211 3119 1305 3162 voca-

166 3211 242 3275 bulo
272 3211 435 3294 primitivo
463 3211 527 3274 iam
557 3211 660 3289 inest,
694 3210 798 3274 forma
825 3210 1024 3275 deminutiva
1055 3215 1230 3294 augeatur3
1263 3209 1303 3275 cf.

169 3325 383 3401 66111164,
411 3327 459 3402 10,
484 3328 517 3401 3,
542 3325 592 3402 24,
619 3329 650 3402 1,
675 3327 726 3402 25,
750 3327 785 3402 2,
810 3328 860 3401 55,
885 3329 921 3402 7,
946 3327 997 3402 57,
1022 3327 1055 3400 7,
1081 3327 1130 3402 59,
1158 3327 1184 3385 1.

272 3451 323 3516 Ad
352 3458 574 3532 661111.41,3
606 3452 738 3533 Pohlius
761 3452 782 3516 l.
807 3453 828 3518 l.
858 3473 932 3535 pag.
961 3457 1000 3515 45
1034 3457 1122 3516 recte
1151 3456 1303 3516 annotat:

171 3565 296 3647 „Atque
320 3563 432 3628 eodem
455 3564 550 3629 modo
583 3566 780 3648 turpiculum
812 3587 925 3628 nasum
955 3587 1013 3647 per
1045 3565 1208 3646 tapinosin
1232 3586 1304 3627 cnm

167 3679 273 3743 ironia
304 3676 427 3740 dictum
460 3698 529 3740 esse
563 3677 798 3756 contenderim,
836 3699 918 3760 quae
948 3676 1063 3740 deinde
1098 3677 1185 3740 exitu
1216 3677 1305 3739 inex-

169 3794 317 3873 spectata
345 3794 377 3853 et
405 3796 520 3872 aperta
548 3790 739 3871 gradatione
768 3791 944 3853 maximum
973 3789 1073 3852 risum
1105 3788 1224 3852 excitet
1251 3810 1306 3852 ne-

170 3923 259 3966 ccsse
283 3908 341 3966 est.

272 4013 439 4078 Interdum
462 4020 561 4097 poeta
584 4017 710 4080 ratione
730 4016 824 4079 metri
840 4021 971 4079 coactus
987 4014 1085 4078 rerba
1108 4014 1306 4077 deminutis-a

279 4305 306 4374 ·⁷)
325 4305 461 4373 Werthes‚
478 4305 569 4361 Ueber
586 4305 639 4359 (len
657 4305 725 4374 Atye
745 4304 791 4357 des
811 4305 912 4360 Katull.
950 4305 1024 4359 1771.
1060 4322 1123 4373 pag.
1140 4306 1180 4357 31.

1171 4389 1212 4444 ‘gh
