<?xml version="1.0" encoding="UTF-8"?>
<!DOCTYPE html PUBLIC "-//W3C//DTD XHTML 1.0 Transitional//EN"
    "http://www.w3.org/TR/xhtml1/DTD/xhtml1-transitional.dtd">
<html xmlns="http://www.w3.org/1999/xhtml" xml:lang="en" lang="en">
 <head>
  <title>
</title>
<meta http-equiv="Content-Type" content="text/html;charset=utf-8" />
  <meta name='ocr-system' content='tesseract 3.04.00' />
  <meta name='ocr-capabilities' content='ocr_page ocr_carea ocr_par ocr_line ocrx_word'/>
</head>
<body>
  <div class='ocr_page' id='page_1' title='image "./degeneredicendi00hupegoog_0055.png"; bbox 0 0 2970 4740; ppageno 0'>
   <div class='ocr_carea' id='block_1_1' title="bbox 730 310 770 370">
    <p class='ocr_par' dir='ltr' id='par_1_1' title="bbox 730 310 770 370">
     <span class='ocr_line' id='line_1_1' title="bbox 730 310 770 370; baseline 0 0"><span class='ocrx_word' id='word_1_1' title='bbox 730 310 770 370; x_wconf 85' lang='lat'>36</span> 
     </span>
    </p>
   </div>
   <div class='ocr_carea' id='block_1_2' title="bbox 641 397 847 407">
    <p class='ocr_par' dir='ltr' id='par_1_2' title="bbox 641 397 847 407">
     <span class='ocr_line' id='line_1_2' title="bbox 641 397 847 407; baseline 0.01 -2"><span class='ocrx_word' id='word_1_2' title='bbox 641 397 847 407; x_wconf 77' lang='lat'><em>-—-——..</em></span> 
     </span>
    </p>
   </div>
   <div class='ocr_carea' id='block_1_3' title="bbox 176 509 1315 710">
    <p class='ocr_par' dir='ltr' id='par_1_3' title="bbox 176 509 1315 710">
     <span class='ocr_line' id='line_1_3' title="bbox 176 509 1313 602; baseline 0.008 -26"><span class='ocrx_word' id='word_1_3' title='bbox 176 509 296 596; x_wconf 84' lang='lat' dir='ltr'><strong>posuit,</strong></span> <span class='ocrx_word' id='word_1_4' title='bbox 320 509 360 575; x_wconf 90' lang='lat' dir='ltr'>de</span> <span class='ocrx_word' id='word_1_5' title='bbox 377 530 441 595; x_wconf 87' lang='lat' dir='ltr'>qua</span> <span class='ocrx_word' id='word_1_6' title='bbox 455 531 491 579; x_wconf 89' lang='lat' dir='ltr'>re</span> <span class='ocrx_word' id='word_1_7' title='bbox 506 512 751 602; x_wconf 82' lang='lat' dir='ltr'>Leutsohius1⁸)</span> <span class='ocrx_word' id='word_1_8' title='bbox 774 519 808 580; x_wconf 90' lang='lat' dir='ltr'>et</span> <span class='ocrx_word' id='word_1_9' title='bbox 821 515 955 581; x_wconf 86' lang='lat' dir='ltr'>Pohlius</span> <span class='ocrx_word' id='word_1_10' title='bbox 976 517 998 583; x_wconf 88' lang='lat' dir='ltr'>l.</span> <span class='ocrx_word' id='word_1_11' title='bbox 1021 517 1043 583; x_wconf 86' lang='lat' dir='ltr'>l.</span> <span class='ocrx_word' id='word_1_12' title='bbox 1066 538 1140 602; x_wconf 84' lang='lat' dir='ltr'>pag.</span> <span class='ocrx_word' id='word_1_13' title='bbox 1164 522 1203 582; x_wconf 77' lang='lat'>45</span> <span class='ocrx_word' id='word_1_14' title='bbox 1225 525 1313 585; x_wconf 88' lang='lat' dir='ltr'>recte</span> 
     </span>
     <span class='ocr_line' id='line_1_4' title="bbox 177 623 1315 710; baseline 0.006 -21"><span class='ocrx_word' id='word_1_15' title='bbox 177 628 319 689; x_wconf 89' lang='lat' dir='ltr'>monent.</span> <span class='ocrx_word' id='word_1_16' title='bbox 342 623 535 690; x_wconf 85' lang='lat' dir='ltr'>Leutschius</span> <span class='ocrx_word' id='word_1_17' title='bbox 556 625 578 689; x_wconf 93' lang='lat' dir='ltr'>l.</span> <span class='ocrx_word' id='word_1_18' title='bbox 602 625 623 693; x_wconf 86' lang='lat' dir='ltr'>l.</span> <span class='ocrx_word' id='word_1_19' title='bbox 639 632 770 693; x_wconf 86' lang='lat' dir='ltr'>revocat</span> <span class='ocrx_word' id='word_1_20' title='bbox 792 626 835 693; x_wconf 87' lang='lat' dir='ltr'>ad</span> <span class='ocrx_word' id='word_1_21' title='bbox 857 650 956 693; x_wconf 86' lang='lat' dir='ltr'>cerm.</span> <span class='ocrx_word' id='word_1_22' title='bbox 979 634 1009 709; x_wconf 85' lang='lat'>2,</span> <span class='ocrx_word' id='word_1_23' title='bbox 1027 634 1056 710; x_wconf 85' lang='lat'>7,</span> <span class='ocrx_word' id='word_1_24' title='bbox 1078 628 1133 694; x_wconf 92' lang='lat' dir='ltr'>ubi</span> <span class='ocrx_word' id='word_1_25' title='bbox 1150 629 1315 696; x_wconf 78' lang='lat' dir='ltr'>Catullum</span> 
     </span>
    </p>
   </div>
   <div class='ocr_carea' id='block_1_4' title="bbox 179 735 1315 932">
    <p class='ocr_par' dir='ltr' id='par_1_4' title="bbox 179 735 1315 932">
     <span class='ocr_line' id='line_1_5' title="bbox 182 735 1315 819; baseline 0.006 -19"><span class='ocrx_word' id='word_1_26' title='bbox 182 735 422 819; x_wconf 84' lang='lat' dir='ltr'>„solatiolum“,</span> <span class='ocrx_word' id='word_1_27' title='bbox 457 743 572 803; x_wconf 90' lang='lat' dir='ltr'>contra</span> <span class='ocrx_word' id='word_1_28' title='bbox 609 760 708 808; x_wconf 81' lang='lat' dir='ltr'>carm.</span> <span class='ocrx_word' id='word_1_29' title='bbox 744 745 762 803; x_wconf 89' lang='lat'><strong>3</strong></span> <span class='ocrx_word' id='word_1_30' title='bbox 796 740 920 805; x_wconf 90' lang='lat' dir='ltr'>nullum</span> <span class='ocrx_word' id='word_1_31' title='bbox 954 741 1187 807; x_wconf 83' lang='lat' dir='ltr'><strong>deminutivum</strong></span> <span class='ocrx_word' id='word_1_32' title='bbox 1219 741 1315 807; x_wconf 90' lang='lat' dir='ltr'>metri</span> 
     </span>
     <span class='ocr_line' id='line_1_6' title="bbox 179 834 734 932; baseline 0.005 -20"><span class='ocrx_word' id='word_1_33' title='bbox 179 867 278 914; x_wconf 87' lang='lat' dir='ltr'>causa</span> <span class='ocrx_word' id='word_1_34' title='bbox 298 849 445 932; x_wconf 82' lang='lat' dir='ltr'>posuisse</span> <span class='ocrx_word' id='word_1_35' title='bbox 467 834 616 916; x_wconf 84' lang='lat' dir='ltr'>affirmat.</span> <span class='ocrx_word' id='word_1_36' title='bbox 732 877 734 885; x_wconf 95' lang='lat'>·</span> 
     </span>
    </p>
   </div>
   <div class='ocr_carea' id='block_1_5' title="bbox 628 1427 889 1539">
    <p class='ocr_par' dir='ltr' id='par_1_5' title="bbox 628 1427 889 1539">
     <span class='ocr_line' id='line_1_7' title="bbox 628 1427 889 1539; baseline 0.004 -26"><span class='ocrx_word' id='word_1_37' title='bbox 628 1427 780 1539; x_wconf 74' lang='lat' dir='ltr'>Caput</span> <span class='ocrx_word' id='word_1_38' title='bbox 810 1427 889 1514; x_wconf 87' lang='lat' dir='ltr'>IV.</span> 
     </span>
    </p>
   </div>
   <div class='ocr_carea' id='block_1_6' title="bbox 252 1672 1251 1739">
    <p class='ocr_par' dir='ltr' id='par_1_6' title="bbox 252 1672 1251 1739">
     <span class='ocr_line' id='line_1_8' title="bbox 252 1672 1251 1739; baseline 0.002 -13"><span class='ocrx_word' id='word_1_39' title='bbox 252 1672 322 1726; x_wconf 80' lang='lat' dir='ltr'>De</span> <span class='ocrx_word' id='word_1_40' title='bbox 339 1672 761 1739; x_wconf 75' lang='lat' dir='ltr'>praepositionibus</span> <span class='ocrx_word' id='word_1_41' title='bbox 784 1673 834 1725; x_wconf 82' lang='lat' dir='ltr'>et</span> <span class='ocrx_word' id='word_1_42' title='bbox 852 1673 1251 1728; x_wconf 73' lang='lat' dir='ltr'>coniunctionibus.</span> 
     </span>
    </p>
   </div>
   <div class='ocr_carea' id='block_1_7' title="bbox 186 1868 1335 4100">
    <p class='ocr_par' dir='ltr' id='par_1_7' title="bbox 186 1868 1322 2069">
     <span class='ocr_line' id='line_1_9' title="bbox 292 1868 1322 1954; baseline 0.003 -18"><span class='ocrx_word' id='word_1_43' title='bbox 292 1875 319 1936; x_wconf 86' lang='grc'>1.</span> <span class='ocrx_word' id='word_1_44' title='bbox 343 1869 392 1936; x_wconf 89' lang='lat' dir='ltr'>De</span> <span class='ocrx_word' id='word_1_45' title='bbox 405 1868 703 1954; x_wconf 88' lang='lat' dir='ltr'>praepositionibus</span> <span class='ocrx_word' id='word_1_46' title='bbox 725 1869 889 1937; x_wconf 86' lang='lat' dir='ltr'>disserens</span> <span class='ocrx_word' id='word_1_47' title='bbox 903 1893 1010 1954; x_wconf 85' lang='lat' dir='ltr'>pauca</span> <span class='ocrx_word' id='word_1_48' title='bbox 1025 1871 1124 1937; x_wconf 87' lang='lat' dir='ltr'>verba</span> <span class='ocrx_word' id='word_1_49' title='bbox 1146 1871 1186 1937; x_wconf 89' lang='lat' dir='ltr'>de</span> <span class='ocrx_word' id='word_1_50' title='bbox 1209 1893 1322 1939; x_wconf 84' lang='lat' dir='ltr'>earum</span> 
     </span>
     <span class='ocr_line' id='line_1_10' title="bbox 186 1981 932 2069; baseline -0.003 -18"><span class='ocrx_word' id='word_1_51' title='bbox 186 1981 423 2069; x_wconf 79' lang='lat' dir='ltr'>significatione</span> <span class='ocrx_word' id='word_1_52' title='bbox 445 1988 545 2067; x_wconf 88' lang='lat' dir='ltr'>atque</span> <span class='ocrx_word' id='word_1_53' title='bbox 567 1983 781 2049; x_wconf 82' lang='lat' dir='ltr'>collocatione</span> <span class='ocrx_word' id='word_1_54' title='bbox 803 1983 932 2050; x_wconf 81' lang='lat' dir='ltr'>faciam.</span> 
     </span>
    </p>

    <p class='ocr_par' dir='ltr' id='par_1_8' title="bbox 186 2094 1324 2630">
     <span class='ocr_line' id='line_1_11' title="bbox 291 2094 1321 2181; baseline 0 -20"><span class='ocrx_word' id='word_1_55' title='bbox 291 2094 385 2176; x_wconf 80' lang='lat' dir='ltr'>Quod</span> <span class='ocrx_word' id='word_1_56' title='bbox 405 2096 507 2180; x_wconf 82' lang='lat' dir='ltr'>igitur</span> <span class='ocrx_word' id='word_1_57' title='bbox 521 2096 662 2181; x_wconf 89' lang='lat' dir='ltr'>primum</span> <span class='ocrx_word' id='word_1_58' title='bbox 684 2094 728 2161; x_wconf 87' lang='lat' dir='ltr'>ad</span> <span class='ocrx_word' id='word_1_59' title='bbox 748 2097 1029 2180; x_wconf 82' lang='lat' dir='ltr'>praepositionum</span> <span class='ocrx_word' id='word_1_60' title='bbox 1051 2096 1321 2179; x_wconf 83' lang='lat' dir='ltr'>significationem</span> 
     </span>
     <span class='ocr_line' id='line_1_12' title="bbox 186 2207 1324 2292; baseline -0.002 -16"><span class='ocrx_word' id='word_1_61' title='bbox 186 2210 324 2291; x_wconf 78' lang='lat' dir='ltr'><strong>attinet,</strong></span> <span class='ocrx_word' id='word_1_62' title='bbox 354 2209 389 2274; x_wconf 93' lang='lat' dir='ltr'>in</span> <span class='ocrx_word' id='word_1_63' title='bbox 416 2208 602 2274; x_wconf 84' lang='lat' dir='ltr'>uuiversum</span> <span class='ocrx_word' id='word_1_64' title='bbox 626 2207 775 2274; x_wconf 81' lang='lat' dir='ltr'><strong>Catullus</strong></span> <span class='ocrx_word' id='word_1_65' title='bbox 797 2229 818 2273; x_wconf 89' lang='lat' dir='ltr'>a</span> <span class='ocrx_word' id='word_1_66' title='bbox 839 2208 1000 2274; x_wconf 92' lang='lat' dir='ltr'>communi</span> <span class='ocrx_word' id='word_1_67' title='bbox 1022 2207 1175 2292; x_wconf 90' lang='lat' dir='ltr'>loquendi</span> <span class='ocrx_word' id='word_1_68' title='bbox 1196 2209 1324 2274; x_wconf 84' lang='lat' dir='ltr'>ratione</span> 
     </span>
     <span class='ocr_line' id='line_1_13' title="bbox 187 2319 1324 2405; baseline -0.001 -17"><span class='ocrx_word' id='word_1_69' title='bbox 187 2343 253 2388; x_wconf 91' lang='lat' dir='ltr'>non</span> <span class='ocrx_word' id='word_1_70' title='bbox 275 2320 370 2387; x_wconf 81' lang='lat' dir='ltr'>ualde</span> <span class='ocrx_word' id='word_1_71' title='bbox 392 2319 547 2402; x_wconf 84' lang='lat' dir='ltr'>discedit,</span> <span class='ocrx_word' id='word_1_72' title='bbox 575 2325 609 2386; x_wconf 91' lang='lat' dir='ltr'>et</span> <span class='ocrx_word' id='word_1_73' title='bbox 631 2325 699 2386; x_wconf 87' lang='lat' dir='ltr'>tres</span> <span class='ocrx_word' id='word_1_74' title='bbox 721 2325 851 2386; x_wconf 88' lang='lat' dir='ltr'>tanturn</span> <span class='ocrx_word' id='word_1_75' title='bbox 870 2319 960 2387; x_wconf 90' lang='lat' dir='ltr'>locos</span> <span class='ocrx_word' id='word_1_76' title='bbox 982 2321 1178 2405; x_wconf 86' lang='lat' dir='ltr'>reperimus,</span> <span class='ocrx_word' id='word_1_77' title='bbox 1207 2319 1324 2405; x_wconf 88' lang='lat' dir='ltr'>quibus</span> 
     </span>
     <span class='ocr_line' id='line_1_14' title="bbox 187 2431 1324 2519; baseline -0.002 -19"><span class='ocrx_word' id='word_1_78' title='bbox 187 2435 294 2500; x_wconf 91' lang='lat' dir='ltr'>minus</span> <span class='ocrx_word' id='word_1_79' title='bbox 310 2435 469 2499; x_wconf 87' lang='lat' dir='ltr'>usitatum</span> <span class='ocrx_word' id='word_1_80' title='bbox 485 2433 763 2519; x_wconf 81' lang='lat' dir='ltr'>praepositionum</span> <span class='ocrx_word' id='word_1_81' title='bbox 777 2431 912 2517; x_wconf 88' lang='lat' dir='ltr'>praebet</span> <span class='ocrx_word' id='word_1_82' title='bbox 927 2453 1040 2498; x_wconf 90' lang='lat' dir='ltr'>usum:</span> <span class='ocrx_word' id='word_1_83' title='bbox 1057 2455 1154 2502; x_wconf 84' lang='lat' dir='ltr'>carm.</span> <span class='ocrx_word' id='word_1_84' title='bbox 1172 2437 1201 2516; x_wconf 89' lang='lat'>3,</span> <span class='ocrx_word' id='word_1_85' title='bbox 1218 2438 1324 2498; x_wconf 86' lang='lat'>9-10</span> 
     </span>
     <span class='ocr_line' id='line_1_15' title="bbox 193 2545 1028 2630; baseline 0 -17"><span class='ocrx_word' id='word_1_86' title='bbox 193 2545 289 2630; x_wconf 85' lang='lat' dir='ltr'>,ad“;</span> <span class='ocrx_word' id='word_1_87' title='bbox 312 2567 410 2613; x_wconf 83' lang='lat' dir='ltr'>carm.</span> <span class='ocrx_word' id='word_1_88' title='bbox 434 2550 466 2626; x_wconf 89' lang='grc'>4,</span> <span class='ocrx_word' id='word_1_89' title='bbox 492 2549 530 2611; x_wconf 84' lang='grc'>15</span> <span class='ocrx_word' id='word_1_90' title='bbox 558 2550 652 2626; x_wconf 85' lang='lat' dir='ltr'>„ex“;</span> <span class='ocrx_word' id='word_1_91' title='bbox 676 2565 774 2610; x_wconf 89' lang='lat' dir='ltr'>oarm.</span> <span class='ocrx_word' id='word_1_92' title='bbox 795 2549 847 2627; x_wconf 85' lang='lat'>63,</span> <span class='ocrx_word' id='word_1_93' title='bbox 871 2549 912 2609; x_wconf 85' lang='grc'>44</span> <span class='ocrx_word' id='word_1_94' title='bbox 939 2545 1028 2625; x_wconf 84' lang='lat' dir='ltr'>,de“.</span> 
     </span>
    </p>

    <p class='ocr_par' dir='ltr' id='par_1_9' title="bbox 294 2656 705 2738">
     <span class='ocr_line' id='line_1_16' title="bbox 294 2656 705 2738; baseline -0.007 -15"><span class='ocrx_word' id='word_1_95' title='bbox 294 2658 400 2724; x_wconf 87' lang='lat' dir='ltr'>Oarm.</span> <span class='ocrx_word' id='word_1_96' title='bbox 425 2661 454 2738; x_wconf 90' lang='lat'>3,</span> <span class='ocrx_word' id='word_1_97' title='bbox 478 2660 584 2723; x_wconf 86' lang='grc'><strong>9-10</strong></span> <span class='ocrx_word' id='word_1_98' title='bbox 611 2656 705 2736; x_wconf 87' lang='lat' dir='ltr'>„ad“:</span> 
     </span>
    </p>

    <p class='ocr_par' dir='ltr' id='par_1_10' title="bbox 239 2766 1175 2850">
     <span class='ocr_line' id='line_1_17' title="bbox 239 2766 1175 2850; baseline -0.002 -14"><span class='ocrx_word' id='word_1_99' title='bbox 239 2768 242 2773; x_wconf 77' lang='grc'><strong>’</strong></span> <span class='ocrx_word' id='word_1_100' title='bbox 345 2807 390 2821; x_wconf 91' lang='lat'><em>-</em></span> <span class='ocrx_word' id='word_1_101' title='bbox 416 2769 497 2850; x_wconf 76' lang='lat' dir='ltr'>„sed</span> <span class='ocrx_word' id='word_1_102' title='bbox 520 2768 753 2834; x_wconf 82' lang='lat' dir='ltr'>circumsiliens</span> <span class='ocrx_word' id='word_1_103' title='bbox 774 2766 870 2835; x_wconf 90' lang='lat' dir='ltr'>modo</span> <span class='ocrx_word' id='word_1_104' title='bbox 892 2769 956 2834; x_wconf 88' lang='lat' dir='ltr'>huc</span> <span class='ocrx_word' id='word_1_105' title='bbox 978 2769 1074 2835; x_wconf 91' lang='lat' dir='ltr'>modo</span> <span class='ocrx_word' id='word_1_106' title='bbox 1096 2770 1175 2836; x_wconf 93' lang='lat' dir='ltr'>illuc</span> 
     </span>
    </p>

    <p class='ocr_par' dir='ltr' id='par_1_11' title="bbox 191 2880 1335 4100">
     <span class='ocr_line' id='line_1_18' title="bbox 433 2880 1198 2966; baseline 0.001 -20"><span class='ocrx_word' id='word_1_107' title='bbox 433 2881 484 2946; x_wconf 78' lang='lat' dir='ltr'>Ad</span> <span class='ocrx_word' id='word_1_108' title='bbox 507 2881 609 2946; x_wconf 86' lang='lat' dir='ltr'>solam</span> <span class='ocrx_word' id='word_1_109' title='bbox 633 2880 796 2946; x_wconf 89' lang='lat' dir='ltr'>dominam</span> <span class='ocrx_word' id='word_1_110' title='bbox 816 2902 919 2966; x_wconf 89' lang='lat' dir='ltr'>usque</span> <span class='ocrx_word' id='word_1_111' title='bbox 940 2881 1128 2966; x_wconf 85' lang='lat' dir='ltr'>pipilabat.“</span> <span class='ocrx_word' id='word_1_112' title='bbox 1154 2921 1198 2930; x_wconf 90' lang='lat'>-</span> 
     </span>
     <span class='ocr_line' id='line_1_19' title="bbox 191 2993 1327 3078; baseline -0.002 -15"><span class='ocrx_word' id='word_1_113' title='bbox 191 2997 353 3064; x_wconf 88' lang='lat' dir='ltr'>Antonius</span> <span class='ocrx_word' id='word_1_114' title='bbox 388 2995 583 3062; x_wconf 82' lang='lat' dir='ltr'>Parthenius</span> <span class='ocrx_word' id='word_1_115' title='bbox 622 2993 676 3059; x_wconf 85' lang='lat' dir='ltr'>fol.</span> <span class='ocrx_word' id='word_1_116' title='bbox 710 3013 785 3078; x_wconf 85' lang='lat' dir='ltr'>pag.</span> <span class='ocrx_word' id='word_1_117' title='bbox 823 2997 883 3075; x_wconf 83' lang='lat'>123</span> <span class='ocrx_word' id='word_1_118' title='bbox 920 2994 1086 3061; x_wconf 86' lang='lat' dir='ltr'>Palladius</span> <span class='ocrx_word' id='word_1_119' title='bbox 1117 2996 1242 3063; x_wconf 86' lang='lat' dir='ltr'>Fuscus</span> <span class='ocrx_word' id='word_1_120' title='bbox 1272 2995 1327 3061; x_wconf 84' lang='lat' dir='ltr'>sol.</span> 
     </span>
     <span class='ocr_line' id='line_1_20' title="bbox 191 3105 1323 3196; baseline -0.004 -20"><span class='ocrx_word' id='word_1_121' title='bbox 191 3130 266 3196; x_wconf 81' lang='lat' dir='ltr'>pag.</span> <span class='ocrx_word' id='word_1_122' title='bbox 292 3110 349 3190; x_wconf 74' lang='lat'>123</span> <span class='ocrx_word' id='word_1_123' title='bbox 373 3107 530 3175; x_wconf 86' lang='lat' dir='ltr'>Graevius</span> <span class='ocrx_word' id='word_1_124' title='bbox 542 3109 567 3196; x_wconf 88' lang='lat'>¹)</span> <span class='ocrx_word' id='word_1_125' title='bbox 587 3106 664 3188; x_wconf 87' lang='lat' dir='ltr'>„ad“</span> <span class='ocrx_word' id='word_1_126' title='bbox 684 3105 746 3174; x_wconf 88' lang='lat' dir='ltr'>hoc</span> <span class='ocrx_word' id='word_1_127' title='bbox 761 3106 833 3172; x_wconf 91' lang='lat' dir='ltr'>loco</span> <span class='ocrx_word' id='word_1_128' title='bbox 848 3106 913 3171; x_wconf 84' lang='lat' dir='ltr'>rim</span> <span class='ocrx_word' id='word_1_129' title='bbox 928 3108 1179 3191; x_wconf 86' lang='lat' dir='ltr'>praepositionis</span> <span class='ocrx_word' id='word_1_130' title='bbox 1199 3108 1323 3192; x_wconf 84' lang='lat' dir='ltr'>„apud“</span> 
     </span>
     <span class='ocr_line' id='line_1_21' title="bbox 193 3219 1330 3305; baseline -0.003 -16"><span class='ocrx_word' id='word_1_131' title='bbox 193 3220 314 3289; x_wconf 86' lang='lat' dir='ltr'>habere</span> <span class='ocrx_word' id='word_1_132' title='bbox 336 3220 458 3301; x_wconf 89' lang='lat' dir='ltr'>dicunt,</span> <span class='ocrx_word' id='word_1_133' title='bbox 481 3241 579 3305; x_wconf 86' lang='lat' dir='ltr'>quarn</span> <span class='ocrx_word' id='word_1_134' title='bbox 601 3219 905 3304; x_wconf 84' lang='lat' dir='ltr'>interpretationem</span> <span class='ocrx_word' id='word_1_135' title='bbox 928 3241 992 3284; x_wconf 89' lang='lat' dir='ltr'>non</span> <span class='ocrx_word' id='word_1_136' title='bbox 1015 3241 1125 3284; x_wconf 85' lang='lat' dir='ltr'>veram</span> <span class='ocrx_word' id='word_1_137' title='bbox 1149 3241 1218 3286; x_wconf 91' lang='lat' dir='ltr'>esse</span> <span class='ocrx_word' id='word_1_138' title='bbox 1237 3225 1330 3305; x_wconf 84' lang='lat' dir='ltr'>puto.</span> 
     </span>
     <span class='ocr_line' id='line_1_22' title="bbox 195 3330 1331 3419; baseline -0.004 -17"><span class='ocrx_word' id='word_1_139' title='bbox 195 3334 279 3402; x_wconf 81' lang='lat' dir='ltr'>Sane</span> <span class='ocrx_word' id='word_1_140' title='bbox 300 3333 500 3419; x_wconf 88' lang='lat' dir='ltr'>praepositio</span> <span class='ocrx_word' id='word_1_141' title='bbox 524 3332 647 3418; x_wconf 83' lang='lat' dir='ltr'>„upud“</span> <span class='ocrx_word' id='word_1_142' title='bbox 672 3330 838 3398; x_wconf 86' lang='lat' dir='ltr'>interdum</span> <span class='ocrx_word' id='word_1_143' title='bbox 866 3352 926 3416; x_wconf 91' lang='lat' dir='ltr'>pro</span> <span class='ocrx_word' id='word_1_144' title='bbox 954 3331 1051 3412; x_wconf 84' lang='lat' dir='ltr'>,ad“,</span> <span class='ocrx_word' id='word_1_145' title='bbox 1086 3337 1120 3397; x_wconf 90' lang='lat' dir='ltr'>et</span> <span class='ocrx_word' id='word_1_146' title='bbox 1150 3333 1331 3416; x_wconf 88' lang='lat' dir='ltr'>posteriore</span> 
     </span>
     <span class='ocr_line' id='line_1_23' title="bbox 195 3443 1332 3532; baseline -0.004 -19"><span class='ocrx_word' id='word_1_147' title='bbox 195 3451 305 3514; x_wconf 84' lang='lat' dir='ltr'>aetate</span> <span class='ocrx_word' id='word_1_148' title='bbox 327 3445 415 3532; x_wconf 84' lang='lat' dir='ltr'>apud</span> <span class='ocrx_word' id='word_1_149' title='bbox 437 3446 586 3512; x_wconf 84' lang='lat' dir='ltr'>Tacitum</span> <span class='ocrx_word' id='word_1_150' title='bbox 607 3466 667 3530; x_wconf 91' lang='lat' dir='ltr'>pro</span> <span class='ocrx_word' id='word_1_151' title='bbox 694 3446 763 3526; x_wconf 84' lang='lat' dir='ltr'>„in“</span> <span class='ocrx_word' id='word_1_152' title='bbox 799 3443 934 3510; x_wconf 84' lang='lat' dir='ltr'>eandem</span> <span class='ocrx_word' id='word_1_153' title='bbox 965 3443 1088 3509; x_wconf 89' lang='lat' dir='ltr'>habens</span> <span class='ocrx_word' id='word_1_154' title='bbox 1120 3444 1184 3508; x_wconf 84' lang='lat' dir='ltr'>vim</span> <span class='ocrx_word' id='word_1_155' title='bbox 1214 3445 1248 3508; x_wconf 92' lang='lat' dir='ltr'>in</span> <span class='ocrx_word' id='word_1_156' title='bbox 1271 3465 1332 3509; x_wconf 90' lang='lat' dir='ltr'>usu</span> 
     </span>
     <span class='ocr_line' id='line_1_24' title="bbox 194 3555 1332 3642; baseline -0.006 -15"><span class='ocrx_word' id='word_1_157' title='bbox 194 3563 353 3627; x_wconf 78' lang='lat' dir='ltr'>versatur.</span> <span class='ocrx_word' id='word_1_158' title='bbox 400 3558 464 3626; x_wconf 85' lang='lat' dir='ltr'>Sed</span> <span class='ocrx_word' id='word_1_159' title='bbox 485 3559 538 3625; x_wconf 90' lang='lat' dir='ltr'>hic</span> <span class='ocrx_word' id='word_1_160' title='bbox 560 3579 638 3624; x_wconf 90' lang='lat' dir='ltr'>usus</span> <span class='ocrx_word' id='word_1_161' title='bbox 659 3557 748 3642; x_wconf 90' lang='lat' dir='ltr'>apud</span> <span class='ocrx_word' id='word_1_162' title='bbox 770 3556 935 3623; x_wconf 81' lang='lat' dir='ltr'>Catullum</span> <span class='ocrx_word' id='word_1_163' title='bbox 963 3557 1067 3623; x_wconf 82' lang='lat' dir='ltr'>altero</span> <span class='ocrx_word' id='word_1_164' title='bbox 1098 3555 1244 3640; x_wconf 88' lang='lat' dir='ltr'>exemplo</span> <span class='ocrx_word' id='word_1_165' title='bbox 1267 3577 1332 3621; x_wconf 91' lang='lat' dir='ltr'>nou</span> 
     </span>
     <span class='ocr_line' id='line_1_25' title="bbox 197 3667 1330 3760; baseline -0.008 -18"><span class='ocrx_word' id='word_1_166' title='bbox 197 3672 444 3760; x_wconf 86' lang='lat' dir='ltr'>comprobatur,</span> <span class='ocrx_word' id='word_1_167' title='bbox 473 3679 506 3739; x_wconf 91' lang='lat' dir='ltr'>et</span> <span class='ocrx_word' id='word_1_168' title='bbox 534 3677 707 3757; x_wconf 82' lang='lat' dir='ltr'>praeterea</span> <span class='ocrx_word' id='word_1_169' title='bbox 728 3667 929 3757; x_wconf 84' lang='lat' dir='ltr'>praepositio</span> <span class='ocrx_word' id='word_1_170' title='bbox 955 3669 1032 3752; x_wconf 83' lang='lat' dir='ltr'>„ad“</span> <span class='ocrx_word' id='word_1_171' title='bbox 1059 3668 1081 3734; x_wconf 90' lang='lat' dir='ltr'>l.</span> <span class='ocrx_word' id='word_1_172' title='bbox 1104 3668 1126 3735; x_wconf 90' lang='lat' dir='ltr'>l.</span> <span class='ocrx_word' id='word_1_173' title='bbox 1151 3668 1330 3752; x_wconf 89' lang='lat' dir='ltr'>simplicius</span> 
     </span>
     <span class='ocr_line' id='line_1_26' title="bbox 197 3759 1333 3877; baseline -0.011 -20"><span class='ocrx_word' id='word_1_174' title='bbox 197 3786 407 3873; x_wconf 85' lang='lat' dir='ltr'>interpretari</span> <span class='ocrx_word' id='word_1_175' title='bbox 435 3806 617 3872; x_wconf 87' lang='lat' dir='ltr'>possumus.</span> <span class='ocrx_word' id='word_1_176' title='bbox 664 3783 699 3851; x_wconf 83' lang='lat' dir='ltr'>Si</span> <span class='ocrx_word' id='word_1_177' title='bbox 731 3782 809 3865; x_wconf 86' lang='lat' dir='ltr'>,ad“</span> <span class='ocrx_word' id='word_1_178' title='bbox 839 3803 899 3868; x_wconf 88' lang='lat' dir='ltr'>pro</span> <span class='ocrx_word' id='word_1_179' title='bbox 927 3759 1056 3877; x_wconf 43' lang='lat' dir='ltr'>*„ppud“</span> <span class='ocrx_word' id='word_1_180' title='bbox 1089 3781 1232 3866; x_wconf 90' lang='lat' dir='ltr'>positum</span> <span class='ocrx_word' id='word_1_181' title='bbox 1263 3801 1333 3846; x_wconf 86' lang='lat' dir='ltr'>esse</span> 
     </span>
     <span class='ocr_line' id='line_1_27' title="bbox 198 3892 1334 3981; baseline -0.009 -15"><span class='ocrx_word' id='word_1_182' title='bbox 198 3921 381 3981; x_wconf 86' lang='lat' dir='ltr'>censemus,</span> <span class='ocrx_word' id='word_1_183' title='bbox 403 3904 513 3964; x_wconf 93' lang='lat' dir='ltr'>utrum</span> <span class='ocrx_word' id='word_1_184' title='bbox 540 3896 618 3980; x_wconf 85' lang='lat' dir='ltr'>,ad“</span> <span class='ocrx_word' id='word_1_185' title='bbox 644 3897 689 3962; x_wconf 89' lang='lat' dir='ltr'>sit</span> <span class='ocrx_word' id='word_1_186' title='bbox 710 3895 907 3962; x_wconf 82' lang='lat' dir='ltr'>trahendum</span> <span class='ocrx_word' id='word_1_187' title='bbox 928 3893 972 3960; x_wconf 86' lang='lat' dir='ltr'>ad</span> <span class='ocrx_word' id='word_1_188' title='bbox 997 3892 1192 3979; x_wconf 84' lang='lat' dir='ltr'>,pipilabat“</span> <span class='ocrx_word' id='word_1_189' title='bbox 1227 3915 1270 3957; x_wconf 88' lang='lat' dir='ltr'>an</span> <span class='ocrx_word' id='word_1_190' title='bbox 1292 3892 1334 3956; x_wconf 87' lang='lat' dir='ltr'>ad</span> 
     </span>
     <span class='ocr_line' id='line_1_28' title="bbox 203 4004 1335 4100; baseline -0.011 -18"><span class='ocrx_word' id='word_1_191' title='bbox 203 4011 471 4100; x_wconf 86' lang='lat' dir='ltr'>„circumsiliens“</span> <span class='ocrx_word' id='word_1_192' title='bbox 498 4011 534 4096; x_wconf 87' lang='lat' dir='ltr'>(i.</span> <span class='ocrx_word' id='word_1_193' title='bbox 558 4030 585 4075; x_wconf 87' lang='lat' dir='ltr'>e.</span> <span class='ocrx_word' id='word_1_194' title='bbox 609 4007 842 4074; x_wconf 88' lang='lat' dir='ltr'>circumsiliens</span> <span class='ocrx_word' id='word_1_195' title='bbox 864 4006 952 4092; x_wconf 87' lang='lat' dir='ltr'>apud</span> <span class='ocrx_word' id='word_1_196' title='bbox 974 4006 1167 4092; x_wconf 87' lang='lat' dir='ltr'>dominum),</span> <span class='ocrx_word' id='word_1_197' title='bbox 1202 4004 1335 4071; x_wconf 88' lang='lat' dir='ltr'>dubium</span> 
     </span>
    </p>
   </div>
   <div class='ocr_carea' id='block_1_8' title="bbox 306 4267 738 4443">
    <p class='ocr_par' dir='ltr' id='par_1_12' title="bbox 306 4267 738 4443">
     <span class='ocr_line' id='line_1_29' title="bbox 311 4267 738 4342; baseline -0.009 -16"><span class='ocrx_word' id='word_1_198' title='bbox 311 4274 340 4342; x_wconf 76' lang='lat'>¹⁰)</span> <span class='ocrx_word' id='word_1_199' title='bbox 356 4271 523 4341; x_wconf 83' lang='lat' dir='ltr'>Philologus.</span> <span class='ocrx_word' id='word_1_200' title='bbox 543 4273 583 4324; x_wconf 82' lang='lat'>10.</span> <span class='ocrx_word' id='word_1_201' title='bbox 600 4286 661 4340; x_wconf 80' lang='lat' dir='ltr'>pag.</span> <span class='ocrx_word' id='word_1_202' title='bbox 679 4267 738 4323; x_wconf 75' lang='lat'><strong>743.</strong></span> 
     </span>
     <span class='ocr_line' id='line_1_30' title="bbox 306 4365 664 4443; baseline -0.011 -17"><span class='ocrx_word' id='word_1_203' title='bbox 306 4374 328 4443; x_wconf 87' lang='lat'>¹)</span> <span class='ocrx_word' id='word_1_204' title='bbox 346 4370 381 4426; x_wconf 74' lang='lat' dir='ltr'>ci.</span> <span class='ocrx_word' id='word_1_205' title='bbox 400 4369 464 4426; x_wconf 84' lang='lat' dir='ltr'>edit.</span> <span class='ocrx_word' id='word_1_206' title='bbox 482 4367 539 4423; x_wconf 82' lang='lat' dir='ltr'>Cat.</span> <span class='ocrx_word' id='word_1_207' title='bbox 557 4381 620 4436; x_wconf 79' lang='lat' dir='ltr'>pag.</span> <span class='ocrx_word' id='word_1_208' title='bbox 638 4365 664 4422; x_wconf 76' lang='lat'>⁷.</span> 
     </span>
    </p>
   </div>
   <div class='ocr_carea' id='block_1_9' title="bbox 0 0 1520 4740">
    <p class='ocr_par' dir='ltr' id='par_1_13' title="bbox 0 0 1520 4740">
     <span class='ocr_line' id='line_1_31' title="bbox 0 0 1520 4740; baseline 0 0"><span class='ocrx_word' id='word_1_209' title='bbox 0 0 1520 4740; x_wconf 95' lang='lat' dir='ltr'> </span> 
     </span>
    </p>
   </div>
  </div>
 </body>
</html>
