2970 4740
739 180 776 239 18

653 264 860 274 -—--—--——-...

189 381 287 445 tionis
311 402 387 445 suae
407 380 506 444 dicit:
531 381 670 461 „Utrum
693 381 808 446 melius
823 384 941 461 nesciO,
965 384 1233 465 utrumquemihi
1249 404 1325 447 sane

188 491 379 575 probatur.“
432 492 615 557 Genitivum
649 494 790 577 ciusdem
821 494 969 561 vocabuli
1003 496 1036 559 in
1068 497 1120 575 „i“
1156 503 1325 560 exeuntem

188 604 325 687 legimus
348 626 446 670 carm.
472 606 522 685 63,
547 605 588 670 88
613 606 721 690 (codd.
745 606 917 694 „pelag0“)
943 612 993 687 64,
1020 610 1102 686 127;
1130 612 1199 672 186.

289 721 322 780 43.
368 717 438 781 lam
462 717 504 781 ad
526 717 678 795 adiectivi
710 718 960 785 declinationem
991 719 1153 783 transiens
1184 718 1327 785 breviter

189 828 229 893 de
254 828 410 894 vocabulo
435 835 558 909 ,·,unus“
583 830 752 912 disseram,
776 833 867 896 cuius
884 831 1057 896 nonnullas
1073 832 1247 895 inusitatas
1263 831 1327 896 for-

188 962 263 1005 mas
286 940 375 1028 apud
399 942 562 1007 Catullum
585 947 772 1028 reperimus
814 945 937 1010 Extant
959 947 1043 1009 enim
1068 944 1155 1028 apud
1177 967 1249 1009 enm
1264 944 1330 1009 for·

185 1077 262 1140 mac
285 1060 363 1136 tres,
387 1077 471 1138 quac
493 1061 628 1140 propter
650 1058 807 1123 rariorem
830 1079 923 1122 usum
947 1063 1023 1122 sunt
1045 1057 1225 1122 notandae:
1254 1079 1325 1140 gen.

172 1172 175 1176 ’
190 1170 272 1253 sing.
290 1170 385 1250 „uni‘
401 1191 461 1253 pro
478 1171 629 1250 „unius“;
654 1191 720 1234 voc.
737 1171 818 1254 sing.
835 1176 938 1251 „une“
955 1177 988 1234 et
1011 1170 1076 1235 dat.
1093 1171 1177 1253 plur.
1201 1172 1325 1251 „unis“.

292 1283 436 1347 Primum
458 1283 561 1366 igitur
583 1281 719 1366 legimus
743 1282 831 1367 apud
855 1282 1018 1348 Catullum
1046 1305 1105 1366 pro
1129 1283 1251 1347 usitato
1274 1303 1327 1365 ge-

189 1396 292 1461 nitivo
314 1397 348 1460 in
372 1398 465 1476 „ius“
489 1396 581 1462 finito
605 1397 740 1477 „unius“
764 1416 862 1461 carm.
890 1401 937 1475 17,
965 1401 1002 1458 17
1027 1397 1140 1477 „uni“:

242 1549 286 1559 -
309 1509 457 1590 „Ludere
478 1509 562 1574 hanc
585 1509 663 1574 sinit
685 1515 722 1573 ut
741 1507 841 1588 lubet,
865 1529 925 1572 nec
947 1508 1006 1591 pili
1028 1507 1108 1572 facit
1130 1509 1218 1588 uni,“
1241 1546 1284 1555 -
1411 1586 1412 1589 Ἴ

189 1622 279 1686 Haec
303 1621 437 1704 genitivi
457 1621 561 1686 forma
584 1622 617 1685 in
640 1642 716 1686 voce
741 1618 854 1702 ,6161ιι
878 1620 967 1685 66110
990 1621 1082 1701 loco,
1105 1620 1139 1684 in
1162 1617 1327 1685 vocabulis

190 1756 305 1816 „unns,
329 1735 425 1815 solus,
449 1734 548 1814 ullus·
569 1738 703 1799 neuter“
727 1732 816 1816 apud
846 1732 1047 1815 antiquiores
1075 1737 1202 1797 tantum
1227 1733 1328 1815 scrip-

190 1854 278 1927 tores
301 1847 464 1912 Romanos
487 1847 658 1930 reperitur.
671 1845 709 1932 ¹⁰)
757 1844 904 1910 Catullus
927 1845 989 1910 hac
1012 1845 1116 1910 forma
1139 1845 1239 1910 semel
1253 1850 1327 1908 tan·
1357 1881 1361 1885 ν

190 1965 259 2024 tum
280 1981 319 2024 ac
340 1959 470 2044 quidem
492 1960 513 2024 l.
536 1960 557 2024 l.
581 1981 658 2025 usus
681 1963 746 2039 est,
778 1980 854 2023 nam
872 1979 976 2023 carm.
1001 1962 1061 2037 45,
1088 1961 1127 2021 14
1157 1958 1254 2038 „uni“
1278 1963 1327 2021 cst

187 2070 329 2148 dativus.
1001 2069 1003 2072 ’

295 2185 489 2251 Vocativum
512 2190 616 2265 ,666ιι
638 2207 713 2250 raro
736 2184 771 2249 in
794 2205 856 2248 usu
878 2189 1060 2248 versantem
1079 2182 1226 2247 Catullus
1249 2182 1327 2246 scri-

190 2297 257 2382 psit
279 2310 387 2363 carm'
402 2303 452 2379 37,
481 2303 532 2361 17;

241 2452 244 2460 =
346 2449 390 2459 —
411 2412 481 2492 „Tu
503 2416 633 2494 praeter
656 2431 766 2475 omnes
789 2430 852 2473 unc
876 2407 915 2472 de
939 2407 1133 2490 capillatis,“
1158 2444 1198 2453 —

102 2585 104 2589 ,
192 2523 285 2588 Hanc
308 2523 443 2589 formam
468 2525 567 2588 etiam
589 2522 677 2607 apud
704 2523 856 2587 Plautum
885 2519 997 2602 frgm.;
1027 2519 1230 2583 Priscianum
1252 2539 1326 2601 pag.

195 2642 255 2701 673
279 2638 314 2702 P.
338 2643 373 2703 et
388 2638 604 2720 Augustinum
628 2633 710 2700 conf.
738 2640 800 2715 1,7
823 2635 1012 2718 reperimus.
1036 2631 1159 2695 Locum
1170 2630 1328 2695 Prisciani

194 2751 378 2817 Schwabius
406 2750 564 2816 adscribit
573 2751 629 2836 11);
665 2748 878 2830 „Priscianus
897 2746 948 2810 bis
976 2745 1092 2810 citauit
1120 2744 1158 2807 V.
1191 2749 1241 2823 77,
1266 2746 1326 2806 673

192 2865 228 2930 Ρ.
255 2869 325 2947 188,
350 2869 388 2928 21
407 2865 447 2930 Η.
472 2869 574 2944 ,unus‘
598 2861 737 2946 quiade
760 2860 913 2925 uocatiuo
937 2857 1070 2941 quidam
1092 2855 1252 2936 dubitant,
1270 2854 1329 2920 Ca-

189 2999 261 3061 per,
285 2977 491 3042 doctissimus
507 2975 713 3058 antiquitatis
728 2978 960 3059 perscrutator,
984 2968 1128 3035 ostendit
1149 2967 1211 3033 hoc
1233 2988 1328 3032 usum

195 3090 359 3156 Catullum
383 3096 415 3154 et
437 3089 599 3154 Plautum.
646 3085 795 3152 Catullus
819 3085 878 3165 ,Tu
908 3087 1040 3166 praeter
1070 3101 1181 3146 omnes
1203 3101 1266 3144 une
1289 3078 1329 3143 de

195 3204 358 3287 capillatis
389 3201 618 3268 Celtiberiosae
647 3197 841 3265 Celtiberiae
870 3195 927 3259 1111ι
958 3200 992 3259 et
1019 3193 1090 3258 Vll.
1123 3194 1175 3272 22,
1210 3197 1268 3255 741
1293 3191 1328 3255 Ρ.

196 3317 269 3399 305,
294 3320 330 3379 11
357 3315 398 3380 Η.
420 3314 567 3380 Catullus
589 3317 700 3377 autem
723 3311 782 3393 ,Tu
804 3307 1016 3394 praeter-filit
1028 3305 1068 3395 12)

300 3427 394 3506 Quod
410 3427 547 3510 denique
570 3426 613 3491 ad
628 3425 772 3491 dativum
793 3423 930 3507 pluralis
953 3421 1066 3503 „unis“
1090 3419 1209 3484 attinet
1231 3438 1330 3481 carm.

197 3545 248 3623 61,
275 3545 351 3605 182;

445 3692 489 3702 -
512 3651 599 3732 „Vos
622 3651 694 3715 unis
717 3648 845 3715 senibus
866 3647 992 3714 bonae“
1016 3683 1059 3693 -

198 3773 321 3851 „unus“
346 3765 475 3849 quidem
498 3766 532 3830 in
553 3761 735 3848 pluralibus
758 3766 886 3828 tantum
909 3765 943 3824 et
965 3757 1148 3842 significans
1164 3763 1329 3822 nostrum:

197 3947 386 3956 ...-....-—-----
391 3946 403 3951 —

306 4049 338 4116 ¹⁰)
354 4045 439 4112 Neue,
457 4042 574 4098 Frmlhr.
593 4042 619 4096 d.
636 4015 762 4109 lat'Spr.
780 4039 814 4094 ll.
832 4055 893 4108 pag.
914 4037 964 4090 183
983 4052 1022 4110 sq.

305 4146 337 4213 ¹¹)
354 4141 428 4196 Edit
446 4139 504 4194 Cat.
521 4153 584 4206 pag.
601 4136 644 4191 44.

308 4240 339 4308 11)
357 4235 491 4291 Antonius
508 4235 639 4299 Muretua
658 4231 704 4286 fol.
722 4246 784 4301 pag.
801 4231 860 4285 101.
