2970 4740
716 219 758 281 25

632 307 837 314 —-—-———.

167 421 392 505 antiquiorum
423 423 598 488 formarum
631 446 724 488 usum
749 425 785 497 (i.
816 446 843 487 e.
867 423 1081 511 archaismos)
1104 427 1304 509 respicimus,

167 555 306 618 quarum
329 540 363 599 et
385 536 419 599 in
441 532 661 602 declinatione
682 534 887 613 substantivi,
910 535 1072 618 adjectivi,
1095 539 1304 621 pronominis,

167 646 258 713 verbi
287 651 320 712 et
345 646 381 711 in
408 647 578 731 particulis
601 648 765 714 nonnullis
787 648 875 713 haud
897 670 1016 733 parvus
1038 670 1192 714 numerus
1214 670 1306 733 repe·

167 758 272 840 ritur,
285 779 351 824 non
373 766 423 825 est
444 759 689 844 neglegendum,
714 761 879 827 Catullum
902 782 956 826 eas
977 782 1042 826 non
1058 761 1193 827 consilio
1208 782 1306 846 quae-

167 870 269 937 ritare
298 876 333 938 et
354 877 525 956 appetere3
562 873 680 940 deinde
702 895 758 939 eas
780 874 814 938 in
837 875 935 939 certis
958 879 1086 939 tantum
1110 873 1306 944 carminibus

167 983 373 1067 maximeque
395 986 430 1049 in
451 986 501 1067 iis,
525 1006 608 1069 quae
631 1007 691 1050 nos
713 985 756 1051 ad
779 987 955 1069 scriptores
976 986 1118 1051 Graecos
1140 991 1305 1064 revocant,

166 1093 241 1180 plns
262 1097 409 1163 minusve
431 1098 578 1166 inveniri.
609 1097 698 1162 Idem
722 1097 787 1162 dici
810 1102 920 1181 potest
943 1097 982 1162 de
1003 1099 1199 1182 compositis
1224 1119 1306 1181 quae

167 1206 256 1291 apnd
280 1207 446 1274 Catullum
472 1212 507 1276 in
531 1231 593 1276 usu
615 1217 705 1292 sunt,
737 1232 813 1276 nam
837 1210 935 1275 etiam
957 1210 1074 1276 horum
1095 1231 1248 1275 numerus
1271 1211 1305 1274 in

168 1320 355 1387 universum
382 1343 447 1387 non
470 1328 520 1388 est
542 1345 737 1408 permagnus
761 1329 794 1387 et
815 1323 972 1406 pleraque
995 1323 1126 1407 scripsit
1148 1323 1183 1387 in
1205 1324 1306 1388 maio-

167 1429 257 1498 ribus
280 1434 477 1500 carminibus
501 1436 615 1499 autin
638 1436 693 1511 iis,
716 1436 750 1498 in
775 1433 892 1518 quibus
915 1433 1058 1499 Graecos
1080 1435 1229 1499 imitatus
1246 1439 1306 1499 est.

170 1543 375 1629 Quamquam
396 1547 458 1613 hoc
480 1546 553 1644 loco
575 1569 614 1612 ea
638 1548 818 1631 composita
841 1547 968 1628 omitto,
992 1567 1075 1630 quae
1099 1547 1198 1611 etiam
1219 1546 1307 1630 apud

168 1654 251 1722 alios
273 1660 451 1743 scriptores
473 1661 506 1725 in
530 1681 590 1724 usu
612 1665 798 1740 versantur,
822 1663 921 1743 atque
945 1681 984 1724 ea
1006 1664 1135 1724 tantum
1156 1660 1306 1742 respicio,

167 1788 251 1852 quae
274 1771 429 1854 exemplis
452 1792 492 1835 ex
514 1769 825 1856 aliis¹scriptoribus
848 1773 986 1855 sumptis
1007 1777 1065 1835 aut
1088 1773 1218 1836 omnino
1241 1793 1308 1838 non

167 1885 226 1945 aut
248 1902 325 1947 raro
348 1883 552 1967 comprobari
573 1890 720 1967 possunt,
743 1884 951 1949 nihilominus
968 1883 1133 1949 Catullum
1153 1905 1218 1948 non
1232 1906 1307 1968 par-

167 2017 242 2062 vum
267 2018 437 2062 numerum
465 1996 717 2079 compositorum
746 1995 866 2061 habere
888 1995 1101 2080 reperiemus,
1134 2016 1217 2078 quae
1239 2017 1306 2062 me·

167 2115 297 2176 moratu
319 2109 418 2193 digua
440 2114 525 2174 sunt.

270 2223 414 2288 Primum
448 2223 540 2288 locus
572 2222 735 2287 notandus
764 2221 843 2285 mihi
871 2242 941 2286 esse
969 2219 1116 2302 videtur,
1147 2241 1212 2303 quo
1244 2220 1307 2287 dno

168 2335 374 2402 substantiva
400 2337 448 2400 ita
478 2335 564 2400 inter
587 2356 620 2400 se
645 2336 817 2400 coniuncta
840 2339 925 2415 sunt,
949 2340 986 2398 ut
1009 2334 1148 2399 alterum
1172 2332 1308 2399 alterius

168 2448 212 2514 sit
237 2446 426 2530 attributio,
460 2468 525 2532 qua
547 2469 583 2514 re
607 2447 662 2528 fit,
694 2454 731 2512 ut
752 2454 921 2531 tamquam
944 2468 1046 2512 unum
1068 2448 1194 2512 oriatur
1215 2467 1309 2512 voca-

167 2560 280 2626 bulum
303 2561 529 2644 compositum.
560 2561 675 2642 Locus,
693 2582 788 2645 quem
805 2559 888 2641 dico,
912 2562 1144 2640 (8100111166,
1163 2563 1307 2623 51-52:

169 2710 213 2722 -
222 2671 423 2755 „Abinuotae
436 2673 535 2756 paulo
547 2678 622 2738 ante
634 2693 744 2737 comae
756 2672 906 2737 mesfata
917 2693 1043 2738 sorores
1052 2670 1256 2755 Lugebant‚“
1265 2708 1308 2719 —-

272 2789 348 2855 Sine
370 2786 469 2852 dubio
493 2805 624 2863 „comae
641 2789 800 2862 sorores“,
816 2805 900 2868 quae
915 2781 1014 2848 verba
1029 2783 1168 2849 fortasse
1181 2787 1307 2847 vertere

167 2921 355 2987 possumus:
387 2896 720 2981 ‚,Schvvesterhaare“,
750 2897 844 2979 quasi
868 2896 1081 2980 compositum
1104 2895 1168 2962 dici
1189 2902 1307 2979 potest,

168 3019 202 3081 et
233 3035 293 3098 pro
328 3033 459 3094 „comae
493 3014 641 3075 sorores“
677 3009 872 3074 adiectivum
905 3029 978 3073 cum
1012 3007 1215 3075 substantivo
1249 3030 1307 3074 suo

159 3127 377 3197 ,coniunctum
399 3114 519 3208 ponere
542 3123 695 3187 usitatius
718 3127 798 3186 erat.

271 3239 319 3304 Ut
341 3239 406 3303 iam
429 3237 471 3302 ad
492 3237 672 3320 composita
693 3236 765 3318 ipsa
781 3233 1001 3299 enumeranda
1016 3235 1211 3318 perveniam,
1227 3234 1308 3299 haec

169 3350 303 3418 exhibeo
334 3356 433 3433 atque
463 3370 621 3433 propono:
662 3369 761 3413 carm.
786 3351 845 3426 63,
879 3351 918 3409 72
949 3346 1192 3425 „silvicultrix“.
1222 3348 1308 3430 quod

168 3462 362 3531 vocabulum
395 3461 483 3546 apud
514 3460 680 3527 Catullum
711 3460 814 3525 solum
846 3461 1010 3543 reperitur
1042 3464 1075 3522 et
1103 3459 1144 3523 ab
1172 3481 1209 3524 eo
1237 3461 1308 3542 ipso

168 3576 281 3641 fictum
303 3596 373 3640 esse
396 3573 533 3640 videtur.
581 3574 653 3638 Alia
678 3574 865 3656 composita,
889 3595 973 3656 quae
995 3572 1028 3634 in
1050 3572 1156 3651 „trix“
1178 3578 1307 3653 exeunt,

168 3688 256 3773 apud
277 3693 407 3773 poetam
434 3689 467 3751 in
492 3709 552 3752 usu
575 3709 639 3752 non
663 3692 748 3766 sunt,
774 3692 887 3750 contra
910 3684 1077 3768 complura
1099 3685 1132 3748 iu
1157 3690 1250 3764 „tor“
1275 3692 1308 3748 et

168 3802 324 3865 nnumin
348 3806 427 3880 „or“
450 3800 538 3884 apud
561 3821 634 3865 eum
657 3800 809 3881 legimus:
834 3819 932 3862 carm.
958 3802 1008 3875 64,
1033 3802 1070 3859 41
1099 3795 1303 3875 ,frondator“

170 3913 264 3995 (haec
297 3934 359 3977 vox
386 3915 483 3978 etiarn
518 3913 605 3996 apud
629 3913 808 3995 Vergilium
829 3917 862 3975 st
885 3910 1036 3974 Plautum
1060 3909 1182 3995 extat);
1207 3930 1306 3973 carm.

170 4031 220 4104 64,
246 4030 284 4088 27
310 4030 343 4090 ot
365 4047 393 4088 v.
421 4027 480 4090 lll
505 4027 690 4109 „genitor“;
719 4026 885 4103 (0111164,
910 4026 973 4086 204
995 4026 1142 4102 ‚,rector“
1162 4027 1306 4086 etearm.

169 4139 221 4214 22,
248 4139 288 4204 10
310 4135 465 4218 „loss0r“.
