2970 4740
742 219 780 276 10

188 421 330 500 nomine,
359 419 447 503 quod
469 425 519 485 est
542 420 667 503 generis
690 423 874 501 masculini,
898 421 987 504 apud
1010 421 1173 487 Catullum
1196 427 1230 486 et
1250 422 1325 486 Gel-

187 532 265 598 lium
289 538 380 597 extat
401 553 501 616 genus
524 539 674 598 neutrum
696 534 833 618 pluralis
853 534 979 598 numeri
996 534 1200 616 „pugillaria
1220 535 1324 614 ium“;

188 666 321 709 numero
359 644 515 727 singulari
553 646 721 728 „pugilar,
762 646 860 711 laris“
894 668 972 710 usus
1003 652 1053 710 est
1084 646 1169 727 Mag.
1205 648 1324 712 Auson.

187 757 297 840 Epigr.
325 761 383 820 137
408 757 511 842 (146),
536 762 565 822 3.
610 757 657 822 Ut
679 764 786 823 autem
811 758 959 823 Catullus
981 779 1095 823 revera
1118 761 1325 842 usurpaverit

188 890 289 950 genus
313 876 463 933 neutrum
487 891 546 952 pro
567 891 683 951 genere
707 871 900 948 masculino,
924 893 964 934 ox
986 868 1091 934 verbis
1116 870 1255 934 Charisii
1278 892 1326 935 se-

188 982 316 1065 quitur,
346 1001 429 1063 quae
456 981 580 1063 profert
611 981 774 1064 Hauptius
789 982 828 1065 18)
860 987 892 1046 et
917 979 1158 1067 Schuobius.¹⁹)
1205 970 1326 1047 Locum

188 1093 289 1177 igitur
312 1091 450 1158 Charisii
475 1091 659 1158 Schwabius
676 1093 855 1176 Hauptium
876 1115 1013 1176 sequeus
1029 1094 1051 1161 1.
1068 1094 1088 1158 l.
1105 1115 1179 1178 pag.
1197 1095 1326 1160 24-25

188 1207 236 1270 ita
255 1205 348 1288 legit:
381 1255 399 1286 „
413 1204 480 1284 ,hos
511 1204 697 1288 pugillares’
722 1210 755 1270 et
778 1206 955 1270 masculino
986 1226 1102 1288 genere
1134 1211 1166 1270 et
1200 1226 1326 1290 semper

187 1317 359 1401 pluraliter
382 1317 482 1397 dicas,
507 1317 592 1382 sicut·
608 1317 736 1382 Asinius
759 1318 793 1380 in
811 1317 986 1397 Valerium,
1010 1316 1087 1399 quia
1109 1318 1251 1399 pugillus
1274 1325 1325 1383 est

189 1431 243 1513 qui
262 1430 371 1513 plures
394 1429 533 1495 tabellas
557 1430 702 1494 continet
723 1429 757 1494 in
780 1431 895 1494 seriem
919 1436 1018 1494 sutas.
1041 1435 1208 1495 attamen
1232 1430 1323 1509 ,haec

189 1542 372 1626 pugillaria‘
401 1543 529 1626 saepius
556 1541 748 1607 neutraliter
771 1541 850 1606 dicit
872 1541 957 1606 idem
981 1540 1128 1605 Catullus
1150 1541 1184 1605 in
1206 1542 1326 1606 hende-

188 1654 370 1738 casyllabis.
394 1655 472 1718 item
495 1653 651 1718 Laberius
673 1655 708 1718 in
722 1655 885 1738 piscatore
902 1653 1111 1736 singulariter
1135 1656 1205 1736 ,hoc
1221 1655 1326 1738 pugil-

188 1767 248 1831 lar‘
273 1766 382 1834 dicit.“
428 1766 583 1833 Nonnulli
609 1767 735 1833 codices
759 1767 872 1849 legunt
894 1788 953 1850 pro
978 1768 1102 1848 „sicut“
1128 1768 1233 1848 „sicut
1255 1766 1325 1833 511ίι

189 1885 221 1944 et
243 1879 324 1944 duas
347 1879 489 1962 syllabas
513 1880 621 1959 „ium“
645 1879 732 1945 uocis
756 1879 962 1959 „Valerium“
987 1881 1176 1946 amiserunt.
1188 1880 1228 1966 ²⁰)

292 1992 360 2056 Illis
378 1992 516 2056 Charisii
539 1991 645 2057 verbis
668 1997 848 2057 commotus
871 1991 910 2057 de
933 1993 995 2057 hac
1010 2013 1046 2056 re
1061 2013 1185 2058 moneo.
1218 1991 1328 2057 Catul-

188 2104 239 2169 lus
263 2104 362 2169 semel
384 2110 513 2169 tantum
537 2110 569 2170 et
592 2102 722 2187 quidem
746 2125 845 2168 carm.
863 2107 914 2184 42,
939 2109 1022 2167 4-5
1041 2127 1117 2169 usus
1133 2111 1183 2169 est
1198 2104 1328 2169 nomine

192 2217 414 2300 „pugillaria“.
449 2216 483 2282 Si
497 2217 597 2301 igitur
616 2215 782 2282 Charisius
799 2215 962 2282 Catullum
979 2218 1107 2300 saepius
1123 2217 1157 2281 in
1171 2215 1328 2282 bendecar

189 2329 321 2413 syllabis
344 2328 462 2395 dixisse
489 2329 697 2413 „pugillaria“
724 2327 835 2409 tradit,
859 2328 951 2394 nobis
974 2334 1031 2396 aut
1054 2329 1173 2396 iterum
1196 2329 1236 2393 de
1255 2350 1325 2394 car-

188 2440 329 2506 minibus
356 2442 482 2507 amissis
506 2447 554 2506 est
579 2439 804 2524 cogitandum,
827 2446 885 2505 aut
910 2463 999 2506 orror
1023 2441 1135 2508 subest
1157 2446 1257 2524 atque
1279 2441 1328 2505 in·

189 2555 279 2619 curia
300 2552 388 2637 apud
412 2553 603 2618 Charisium.
635 2553 801 2618 Hactenus
826 2552 868 2617 ad
889 2552 1026 2636 Hauptii
1049 2554 1243 2618 sententiam
1267 2553 1288 2620 1.
1304 2552 1327 2619 l.
1426 2536 1430 2543 ’

189 2687 261 2750 pag.
286 2671 306 2730 4
328 2664 456 2730 accedo.
507 2665 541 2731 Si
563 2671 672 2730 autem
693 2666 757 2729 iam
782 2672 880 2730 antea
904 2665 1024 2730 Catulli
1046 2666 1241 2731 mentionem
1258 2665 1325 2730 fac-

190 2783 259 2842 tam
291 2798 362 2842 esse
395 2784 492 2860 putat
520 2786 618 2860 atque
654 2779 776 2861 pergit:
819 2798 937 2862 „quare
969 2777 1056 2860 quod
1084 2783 1183 2842 antea
1209 2778 1329 2860 legitur

192 2891 322 2956 Asinius
345 2891 378 2954 in
395 2891 569 2970 Valerium,
592 2890 625 2954 id
648 2892 695 2954 ita
717 2892 970 2973 interpretamur
987 2897 1024 2954 ut
1041 2891 1187 2954 Asinium
1203 2888 1329 2973 aliquid

189 3003 228 3068 de
258 3003 389 3067 Valerio
420 3002 548 3068 Catullo
580 3003 745 3086 scripsisse
772 3003 954 3077 dicamus“,
984 3007 1098 3066 contra
1127 3024 1199 3065 eum
1229 3003 1329 3066 Bern-

188 3115 303 3179 hardio
318 3115 490 3192 assentiar,
506 3118 560 3197 qui
578 3115 670 3179 dicit:
699 3117 828 3198 „Haupt
842 3115 997 3201 (prooem.
1015 3119 1094 3181 aest.
1112 3115 1216 3178 llerol.
1234 3119 1327 3178 1855.

188 3250 219 3311 p.
245 3229 289 3310 5.)
313 3227 404 3291 hatte
428 3248 523 3309 sogor
546 3233 641 3292 unter
675 3227 909 3309 Beistimmung
933 3226 1070 3291 anderer
1093 3227 1330 3309 gemothmaszt

195 3339 272 3405 dasz
306 3339 404 3403 sehon
440 3342 491 3404 ein
518 3339 617 3404 Manu
642 3341 700 3404 wic
731 3340 860 3403 Asinius
890 3339 992 3404 Pollio
1023 3340 1073 3404 die
1103 3340 1200 3403 Form
1223 3338 1329 3402 dieses

194 3451 347 3517 Dichters
376 3451 549 3536 besprach3
579 3453 676 3516 allein
703 3454 736 3516 in
765 3451 827 3516 den
851 3452 984 3516 Worten
1008 3452 1064 3516 des
1088 3451 1254 3515 Charisius
1276 3471 1328 3533 pg.

194 3570 233 3628 75
252 3566 322 3649 (97)
347 3566 415 3629 Hos
437 3566 613 3648 pugillares
638 3571 670 3628 et
692 3563 870 3628 masculino
895 3585 1010 3645 genere
1028 3570 1061 3629 et
1081 3584 1207 3647 semper
1221 3563 1331 3646 plura-

300 3867 333 3936 Ι1)
349 3866 409 3923 Ind.
427 3868 485 3921 lect.
505 3875 571 3924 aest.
589 3867 709 3921 Berolini
729 3866 803 3933 1855,
821 3881 883 3936 pag.
904 3866 928 3921 3.

296 3967 330 4029 ¹⁹)
349 3962 458 4031 Quaen.
483 3963 540 4019 Cat.
565 3962 611 4018 lib.
637 3962 658 4018 1.
677 3962 773 4017 Gissae
800 3961 880 4029 1862,
903 3978 957 4031 pag
984 3961 1101 4028 24-253
1124 3967 1151 4014 et
1174 3961 1248 4014 Edit.
1272 3960 1331 4016 Cat·

191 4074 253 4127 pag.
277 4059 320 4113 48.
344 4089 378 4099 -
401 4057 457 4111 Cfr.
483 4057 564 4111 etiam
589 4056 659 4127 quod
688 4055 814 4111 Osannus
836 4054 912 4110 dicit:
948 4054 1094 4109 Comment.
1119 4056 1212 4109 semin.
1237 4056 1331 4123 philol.

193 4153 297 4207 Cissen.
318 4169 389 4223 spec.
407 4154 442 4209 11.
462 4154 527 4208 155.
548 4153 623 4206 1856.

297 4251 329 4316 ²⁰)
360 4248 433 4301 Edit.
458 4247 564 4303 Charis.
588 4249 702 4301 institut.
731 4253 868 4316 grammat.
888 4247 908 4300 l.
928 4247 970 4302 75.
989 4246 1019 4301 Ρ.
1038 4246 1079 4314 et,
1098 4247 1139 4300 10.
1158 4246 1200 4300 ed.
1219 4245 1331 4299 Keilius.
