2970 4740
734 207 752 263 7

640 292 844 302 ι..-------------

380 408 529 485 Minister
552 408 654 481 uetuli
675 429 756 491 puer
779 408 912 474 Falerni

380 523 477 605 Inger
499 521 543 587 mi
567 520 684 586 calices
707 520 893 600 amariores,

380 635 426 700 Ut
448 635 502 700 lox
522 632 708 699 Postumiae
730 632 822 698 iubet
843 634 1022 716 magistrae

275 810 277 814 .
379 745 518 812 Ebriosa
541 746 637 811 acina
659 744 855 826 ebriosioris,
876 732 896 788 ἶ

175 882 246 925 cum
269 859 377 926 dicere
400 857 547 940 ,ebrioso‘
570 863 681 941 posset
703 864 745 938 et,
769 857 857 941 quod
879 862 950 922 erat
972 859 1135 936 usitatius,
1161 858 1310 936 ,acinum‘

172 972 205 1036 in
225 977 342 1038 neutro
366 992 482 1054 genere
505 970 688 1054 appellare,
716 990 828 1034 amans
859 975 969 1034 tamen
997 969 1106 1033 hiatus
1135 969 1223 1033 illius
1247 969 1312 1032 Ho-

171 1085 283 1151 merici
317 1086 531 1164 suauitatem,
567 1082 748 1164 ,ebriosam‘
779 1083 862 1147 dixit
897 1087 1030 1165 propter
1064 1082 1262 1163 insequentis
1292 1104 1312 1144 a

170 1197 286 1262 literae
310 1203 510 1263 concentum.
556 1194 617 1274 Qui
642 1194 768 1276 ,ebrios‘
792 1200 903 1260 autem
919 1193 1084 1258 Catullum
1108 1192 1225 1258 dixisse
1250 1216 1309 1276 pu-

172 1315 246 1374 tant
267 1314 325 1374 aut
348 1308 530 1388 ,ebriosos‘,
555 1329 630 1373 nam
652 1306 687 1372 id
709 1327 839 1390 quoque
862 1313 984 1371 temere
1009 1307 1165 1388 scriptum
1188 1307 1312 1370 inueni-

171 1427 239 1500 tur,
266 1420 299 1484 in
328 1420 428 1487 libros
456 1421 580 1486 scilicet
613 1419 652 1484 de
675 1419 836 1502 corruptis
860 1416 1113 1500 exemplaribus*
1133 1416 1238 1482 factos
1262 1419 1309 1481 in·
1416 1486 1418 1490 ,

174 1531 354 1598 ciderunt.“
366 1532 404 1619 ¹³)

279 1645 411 1708 Gellius·
426 1645 526 1727 igitur
549 1645 669 1709 diserto
692 1648 791 1727 atque
807 1643 903 1726 plane
920 1642 1084 1708 Catullum
1106 1644 1128 1711 l.
1152 1643 1173 1706 l.
1197 1663 1311 1706 revera

173 1779 290 1822 nomen
315 1758 449 1840 ,¹,acina“
473 1778 590 1839 genere
613 1755 766 1821 feminino
792 1754 942 1820 exhibere
966 1755 1054 1821 dicit.
1108 1754 1312 1838 Quapropter

172 1870 305 1954 plurimi
341 1869 462 1933 Catulli
496 1869 638 1934 editores
673 1890 773 1951 genus
807 1867 996 1931 femininum
1033 1866 1129 1930 huius
1163 1867 1310 1945 nominis,

66 1994 69 1999 '
173 2001 370 2064 quamquam
393 1980 481 2064 apud
496 1981 579 2045 alios
596 1980 774 2063 scriptores
789 1981 823 2043 in
840 2000 900 2042 usu
917 2000 981 2043 non
997 1985 1155 2058 versatur,
1178 1985 1312 2061 aposta

172 2100 285 2158 nostro
315 2097 506 2175 usurpatum
539 2113 608 2157 csse
636 2098 753 2174 putant
782 2110 974 2174 versumque
1002 2096 1155 2173 quartum
1183 2092 1311 2173 legunt:

411 2242 453 2252 -—
477 2203 635 2284 „Ebriosa
658 2205 754 2269 acina
777 2203 996 2270 ebriosioris.“
1017 2243 1061 2252 —

276 2316 435 2381 Antonius
467 2314 662 2381 Parthenius
697 2315 751 2383 fol.
782 2337 856 2398 pag.
891 2320 928 2379 71
960 2314 1057 2380 dicit:
1092 2317 1165 2396 „hic
1199 2339 1310 2381 uersus

174 2434 336 2512 corrupte,
360 2449 400 2494 ac
421 2449 581 2511 perquam
603 2428 718 2493 vitiose
734 2429 855 2512 legitur
877 2430 911 2492 in
934 2427 1081 2493 omnihus
1104 2428 1171 2493 fere
1195 2428 1313 2494 codici*

172 2541 247 2607 bus:
279 2540 335 2606 sed
364 2541 606 2623 elegantissima
638 2542 675 2605 A.
700 2540 796 2624 Gellij
826 2542 1032 2607 enarratione
1068 2541 1256 2607 emendetur
1278 2543 1312 2605 in

174 2654 259 2719 hanc
281 2653 468 2718 formulam:
492 2659 529 2721 ut
552 2652 682 2719 ebriosa
697 2653 791 2718 acina
806 2674 922 2737 genere
938 2653 1112 2718 foeminino
1129 2675 1206 2718 casu
1223 2647 1311 2719 abla-

174 2767 243 2831 tiuo
259 2764 398 2848 legatur,
415 2786 613 2847 quamquam
625 2764 706 2829 alias
717 2765 844 2830 acinum
860 2771 975 2830 neutro
988 2785 1104 2847 genere
1115 2765 1311 2848 profertur.“

176 2877 279 2943 Simili
308 2875 404 2941 modo
437 2877 535 2941 etiam
564 2875 730 2942 Palladius
758 2876 882 2941 Fuscus
915 2877 970 2944 fol.
1003 2898 1075 2960 pag.
1106 2883 1143 2941 71
1177 2880 1311 2959 „acina‘

175 3010 292 3073 genere
325 2989 478 3056 feminino
502 3009 522 3051 a
550 2989 680 3054 Catullo
707 2988 850 3072 positum
884 3010 953 3055 csse
982 2996 1079 3074 putat
1109 2996 1203 3055 utens
1232 2991 1311 3073 ipsis

174 3101 241 3167 fere
264 3100 384 3181 verbis,
419 3122 514 3185 quae,
534 3101 621 3185 apud
649 3099 789 3166 Gellium
818 3107 894 3166 sunt
924 3103 1059 3186 scripta,
1093 3109 1130 3167 ut
1160 3101 1313 3168 defendet

175 3215 347 3280 lectionem
371 3235 472 3279 suam.
501 3214 658 3297 Iosephus
679 3213 823 3297 Scaliger
846 3236 974 3298 quoque
998 3213 1052 3281 fol.
1075 3236 1149 3299 pag.
1175 3219 1213 3279 73
1239 3215 1312 3279 Gel-

174 3328 253 3392 lium
275 3309 443 3411 appellans
466 3332 632 3393 auctorem
656 3326 804 3408 „ebriosa
826 3327 941 3395 acina“
965 3327 1053 3410 legit.

280 3438 422 3504 Achilles
452 3438 579 3505 Statius
608 3444 717 3506 autem
746 3440 800 3506 sol.
828 3460 902 3523 pag.
929 3441 969 3503 72
994 3445 1107 3504 contra
1129 3439 1203 3504 illos
1227 3440 1312 3503 viros

177 3550 291 3618 doctos
309 3551 413 3617 Gellio
429 3551 518 3617 nisus
540 3553 733 3638 impugnans
749 3552 832 3618 hanc
855 3552 1027 3617 lectionem
1047 3552 1139 3635 ponit
1164 3550 1312 3632 „ebriosa

175 3665 303 3729 acino“:
328 3665 386 3745 „In
409 3665 648 3748 manuscriptis,
672 3665 828 3731 Ebriosus
845 3666 947 3730 acino.
971 3663 1158 3748 Legendum
1181 3666 1311 3729 omnino

175 3777 215 3841 de
239 3776 335 3860 Gellij
360 3778 530 3856 sententia,
553 3777 692 3842 Ebriosa
715 3777 839 3843 acino.“
864 3777 1023 3843 Achillem
1040 3778 1181 3843 Statium
1204 3778 1309 3861 sequi·

175 3895 231 3954 tur
254 3889 461 3976 Muretus.¹⁴)
486 3889 528 3953 Hi
552 3898 660 3955 autem
685 3892 748 3958 duo
771 3893 832 3955 viri
856 3891 944 3956 docti
967 3897 1024 3955 aut
1046 3890 1142 3955 aliter
1164 3891 1314 3972 legerunt

287 4151 316 4218 ¹³)
334 4148 443 4204 Martin.
456 4147 589 4214 Hortalus,
602 4150 665 4202 edit.
679 4150 747 4202 Gell.
761 4150 820 4202 Vol.
833 4151 854 4202 1.
866 4165 927 4218 pag.
941 4150 992 4202 210
1027 4149 1086 4204 211.
1105 4147 1223 4216 Lipsiae.
1236 4148 1313 4205 1861.

281 4247 314 4313 ¹⁴)
332 4245 467 4299 Antonius
486 4245 615 4311 Muretus,
635 4244 697 4300 edit
717 4244 775 4300 Cat.
793 4262 853 4314 pag.
872 4246 911 4298 35.
